<!DOCTYPE html>
<!-- saved from url=(0210)https://www.dia.es/?gclsrc=aw.ds&gad_source=1&gad_campaignid=354586992&gbraid=0AAAAADdKPtKLMc-ST9u9Q04iNlOvfxAib&gclid=CjwKCAjwobnGBhBNEiwAu2mpFDrTF8nbBWgQDyG7TVotH6xaTH6PLov_TO_HlQPL_vBf1ZVzLUGYLxoCK1YQAvD_BwE -->
<html lang="es"><head><meta http-equiv="Content-Type" content="text/html; charset=UTF-8">
        <link rel="stylesheet" type="text/css" href="./DIA_files/style.d6dd5abe.css">
        <link rel="preload" href="https://www.dia.es/home-front/assets/static/roboto-medium-webfont.93311135.woff2" as="font" type="font/woff2" crossorigin="">
        <link rel="preload" href="https://www.dia.es/home-front/assets/static/roboto-medium-webfont.1406845d.woff" as="font" type="font/woff" crossorigin="">
        <link rel="preload" href="https://www.dia.es/home-front/assets/static/Roboto-Medium.4ac8e036.ttf" as="font" type="font/ttf" crossorigin="">
        <link rel="preload" href="https://www.dia.es/home-front/assets/static/roboto-bold-webfont.e4a6829f.woff2" as="font" type="font/woff2" crossorigin="">
        <link rel="preload" href="https://www.dia.es/home-front/assets/static/roboto-bold-webfont.bcedaa84.woff" as="font" type="font/woff" crossorigin="">
        <link rel="preload" href="https://www.dia.es/home-front/assets/static/Roboto-Bold.baf44ce8.ttf" as="font" type="font/ttf" crossorigin="">
        <link rel="preload" href="https://www.dia.es/home-front/assets/static/Roboto-Black.5ace0d08.ttf" as="font" type="font/ttf" crossorigin="">
        <link rel="preload" href="https://www.dia.es/home-front/assets/static/roboto-regular-webfont.41ced361.woff2" as="font" type="font/woff2" crossorigin="">
        <link rel="preload" href="https://www.dia.es/home-front/assets/static/roboto-regular-webfont.1519893e.woff" as="font" type="font/woff" crossorigin="">
        <link rel="preload" href="https://www.dia.es/home-front/assets/static/Roboto-Regular.319cff6e.ttf" as="font" type="font/ttf" crossorigin="">
        <link rel="preload" href="https://www.dia.es/home-front/assets/static/montserrat-medium.20ebfd65.ttf" as="font" type="font/ttf" crossorigin="">
        <link rel="preload" href="https://www.dia.es/home-front/assets/static/montserrat-semibold.1418bd4d.ttf" as="font" type="font/ttf" crossorigin="">
        <link rel="preload" href="https://www.dia.es/home-front/assets/static/diaIcomoon.9b265e61.ttf" as="font" type="font/ttf" crossorigin="">
        <link rel="preload" href="https://www.dia.es/home-front/assets/static/diaIcomoon.d0d58617.woff" as="font" type="font/woff" crossorigin="">
        
        <!-- El aviso de consentimiento de cookies de OneTrust comienza para dev.dia.es. -->
        
        <script type="text/javascript" async="" src="./DIA_files/destination"></script><script type="text/javascript" async="" src="./DIA_files/destination(1)"></script><script type="text/javascript" async="" src="./DIA_files/js"></script><script type="text/javascript" async="" src="./DIA_files/destination(2)"></script><script async="" src="./DIA_files/gtm.js.descarga"></script><script defer="" src="./DIA_files/otSDKStub.js.descarga" data-document-language="true" type="text/javascript" charset="UTF-8" data-domain-script="5a716931-44b0-415f-9bf7-3a94d961c123"></script>
        <script defer="" type="text/javascript">
        function OptanonWrapper() { }
        </script>
        <meta name="robots" content="index, follow">
        <link rel="shortcut icon" sizes="48x48" href="https://www.dia.es/resources/favicon.ico">
        <link rel="canonical" href="https://www.dia.es/">
        <link rel="alternate" href="https://www.dia.es/" hreflang="es-es">
        <meta name="viewport" content="width=device-width, initial-scale=1.0">
        <meta name="description" content="Supermercado online Dia: haz la compra desde casa en nuestro súper online con entrega el mismo día. Envío por 4,99€, gratis en compras superiores a 100€.">
        <title>Supermercado online | ¡Recibe tu compra hoy mismo! | Día</title>
      
<script>(window.BOOMR_mq=window.BOOMR_mq||[]).push(["addVar",{"rua.upush":"false","rua.cpush":"true","rua.upre":"false","rua.cpre":"true","rua.uprl":"false","rua.cprl":"false","rua.cprf":"false","rua.trans":"SJ-54cd3749-4dec-41f4-9ef1-a9e48c9d984e","rua.cook":"false","rua.ims":"false","rua.ufprl":"false","rua.cfprl":"false","rua.isuxp":"false","rua.texp":"norulematch","rua.ceh":"false","rua.ueh":"false","rua.ieh.st":"0"}]);</script>
                              <script>!function(e){var n="https://s.go-mpulse.net/boomerang/";if("False"=="True")e.BOOMR_config=e.BOOMR_config||{},e.BOOMR_config.PageParams=e.BOOMR_config.PageParams||{},e.BOOMR_config.PageParams.pci=!0,n="https://s2.go-mpulse.net/boomerang/";if(window.BOOMR_API_key="KBNBM-CLU64-6QM35-AYNSF-TJWYH",function(){function e(){if(!o){var e=document.createElement("script");e.id="boomr-scr-as",e.src=window.BOOMR.url,e.async=!0,i.parentNode.appendChild(e),o=!0}}function t(e){o=!0;var n,t,a,r,d=document,O=window;if(window.BOOMR.snippetMethod=e?"if":"i",t=function(e,n){var t=d.createElement("script");t.id=n||"boomr-if-as",t.src=window.BOOMR.url,BOOMR_lstart=(new Date).getTime(),e=e||d.body,e.appendChild(t)},!window.addEventListener&&window.attachEvent&&navigator.userAgent.match(/MSIE [67]\./))return window.BOOMR.snippetMethod="s",void t(i.parentNode,"boomr-async");a=document.createElement("IFRAME"),a.src="about:blank",a.title="",a.role="presentation",a.loading="eager",r=(a.frameElement||a).style,r.width=0,r.height=0,r.border=0,r.display="none",i.parentNode.appendChild(a);try{O=a.contentWindow,d=O.document.open()}catch(_){n=document.domain,a.src="javascript:var d=document.open();d.domain='"+n+"';void(0);",O=a.contentWindow,d=O.document.open()}if(n)d._boomrl=function(){this.domain=n,t()},d.write("<bo"+"dy onload='document._boomrl();'>");else if(O._boomrl=function(){t()},O.addEventListener)O.addEventListener("load",O._boomrl,!1);else if(O.attachEvent)O.attachEvent("onload",O._boomrl);d.close()}function a(e){window.BOOMR_onload=e&&e.timeStamp||(new Date).getTime()}if(!window.BOOMR||!window.BOOMR.version&&!window.BOOMR.snippetExecuted){window.BOOMR=window.BOOMR||{},window.BOOMR.snippetStart=(new Date).getTime(),window.BOOMR.snippetExecuted=!0,window.BOOMR.snippetVersion=12,window.BOOMR.url=n+"KBNBM-CLU64-6QM35-AYNSF-TJWYH";var i=document.currentScript||document.getElementsByTagName("script")[0],o=!1,r=document.createElement("link");if(r.relList&&"function"==typeof r.relList.supports&&r.relList.supports("preload")&&"as"in r)window.BOOMR.snippetMethod="p",r.href=window.BOOMR.url,r.rel="preload",r.as="script",r.addEventListener("load",e),r.addEventListener("error",function(){t(!0)}),setTimeout(function(){if(!o)t(!0)},3e3),BOOMR_lstart=(new Date).getTime(),i.parentNode.appendChild(r);else t(!1);if(window.addEventListener)window.addEventListener("load",a,!1);else if(window.attachEvent)window.attachEvent("onload",a)}}(),"".length>0)if(e&&"performance"in e&&e.performance&&"function"==typeof e.performance.setResourceTimingBufferSize)e.performance.setResourceTimingBufferSize();!function(){if(BOOMR=e.BOOMR||{},BOOMR.plugins=BOOMR.plugins||{},!BOOMR.plugins.AK){var n="true"=="true"?1:0,t="",a="kmwek2iccbmfk2gopqua-f-d36409c80-clientnsv4-s.akamaihd.net",i="false"=="true"?2:1,o={"ak.v":"39","ak.cp":"1336848","ak.ai":parseInt("804692",10),"ak.ol":"0","ak.cr":13,"ak.ipv":4,"ak.proto":"h2","ak.rid":"cad832c","ak.r":47823,"ak.a2":n,"ak.m":"dscr","ak.n":"ff","ak.bpcip":"83.44.69.0","ak.cport":55802,"ak.gh":"96.16.85.92","ak.quicv":"","ak.tlsv":"tls1.3","ak.0rtt":"","ak.0rtt.ed":"","ak.csrc":"-","ak.acc":"","ak.t":"1758362664","ak.ak":"hOBiQwZUYzCg5VSAfCLimQ==0hyllCA40DXuPtoovUqkwEDmYmR4XUJ51Cd6LWSb8G4r4g0v9ZzXT93cXw7+z9RtUP+B7BXOQXu6pe0DVaBrkrVvHpnFY81flXyBnV5kD8UUPGWC8RPTpyvsZaodk9o8v3jyGnskO+S7HKIszTg71hS+njVMLHIxcRCzqlFK4U8x4VnWfWJiPQPNqp/q/Pq4pwQeGWG9NQ9ITdHCnMbs3+/82fWM9WGTGzccVKFegvEiIGAbygHvMewiw9TNRWlSfeNukFQ0k0eVghtZpakciiYxYDnlQo0C8jN31VUhQe0ec131ZYYaSc6QEY7RVg9VRSKM8p8vFzFs355ii0I/OLSvFipH7lRZ8gmH5P2qujt7ByQNWMrAweV1htb1ajohcGH9SuIw7dflFpbItbPdjIcIZ82qZwYlZaqEYhsflUQ=","ak.pv":"95","ak.dpoabenc":"","ak.tf":i};if(""!==t)o["ak.ruds"]=t;var r={i:!1,av:function(n){var t="http.initiator";if(n&&(!n[t]||"spa_hard"===n[t]))o["ak.feo"]=void 0!==e.aFeoApplied?1:0,BOOMR.addVar(o)},rv:function(){var e=["ak.bpcip","ak.cport","ak.cr","ak.csrc","ak.gh","ak.ipv","ak.m","ak.n","ak.ol","ak.proto","ak.quicv","ak.tlsv","ak.0rtt","ak.0rtt.ed","ak.r","ak.acc","ak.t","ak.tf"];BOOMR.removeVar(e)}};BOOMR.plugins.AK={akVars:o,akDNSPreFetchDomain:a,init:function(){if(!r.i){var e=BOOMR.subscribe;e("before_beacon",r.av,null,null),e("onbeacon",r.rv,null,null),r.i=!0}return this},is_complete:function(){return!0}}}}()}(window);</script><link href="./DIA_files/KBNBM-CLU64-6QM35-AYNSF-TJWYH" rel="preload" as="script"><script id="boomr-scr-as" src="./DIA_files/KBNBM-CLU64-6QM35-AYNSF-TJWYH" async=""></script><link rel="modulepreload" as="script" crossorigin="" href="https://www.dia.es/home-front/assets/chunks/chunk-92ec9e35.js"><link rel="modulepreload" as="script" crossorigin="" href="https://www.dia.es/home-front/assets/chunks/chunk-d990f6f2.js"><script>(function(w,d,s,l,i){w[l]=w[l]||[];w[l].push({'gtm.start': new Date().getTime(),event:'gtm.js'});var f=d.getElementsByTagName(s)[0],j=d.createElement(s),dl=l!='dataLayer'?'&l='+l:'';j.async=true;j.src='https://www.googletagmanager.com/gtm.js?id='+i+dl;f.parentNode.insertBefore(j,f);})(window,document,'script','dataLayer','GTM-N9J2VZR');</script><script src="./DIA_files/otBannerSdk.js.descarga" async="" type="text/javascript"></script><script type="text/javascript" async="" src="./DIA_files/otTCF.js.descarga"></script><style id="onetrust-style">#onetrust-banner-sdk .onetrust-vendors-list-handler{cursor:pointer;color:#1f96db;font-size:inherit;font-weight:bold;text-decoration:none;margin-left:5px}#onetrust-banner-sdk .onetrust-vendors-list-handler:hover{color:#1f96db}#onetrust-banner-sdk:focus{outline:2px solid #000;outline-offset:-2px}#onetrust-banner-sdk a:focus{outline:2px solid #000}#onetrust-banner-sdk #onetrust-accept-btn-handler,#onetrust-banner-sdk #onetrust-reject-all-handler,#onetrust-banner-sdk #onetrust-pc-btn-handler{outline-offset:1px}#onetrust-banner-sdk.ot-bnr-w-logo .ot-bnr-logo{height:64px;width:64px}#onetrust-banner-sdk .ot-tcf2-vendor-count.ot-text-bold{font-weight:bold}#onetrust-banner-sdk .ot-close-icon,#onetrust-pc-sdk .ot-close-icon,#ot-sync-ntfy .ot-close-icon{background-size:contain;background-repeat:no-repeat;background-position:center;height:12px;width:12px}#onetrust-banner-sdk .powered-by-logo,#onetrust-banner-sdk .ot-pc-footer-logo a,#onetrust-pc-sdk .powered-by-logo,#onetrust-pc-sdk .ot-pc-footer-logo a,#ot-sync-ntfy .powered-by-logo,#ot-sync-ntfy .ot-pc-footer-logo a{background-size:contain;background-repeat:no-repeat;background-position:center;height:25px;width:152px;display:block;text-decoration:none;font-size:.75em}#onetrust-banner-sdk .powered-by-logo:hover,#onetrust-banner-sdk .ot-pc-footer-logo a:hover,#onetrust-pc-sdk .powered-by-logo:hover,#onetrust-pc-sdk .ot-pc-footer-logo a:hover,#ot-sync-ntfy .powered-by-logo:hover,#ot-sync-ntfy .ot-pc-footer-logo a:hover{color:#565656}#onetrust-banner-sdk h3 *,#onetrust-banner-sdk h4 *,#onetrust-banner-sdk h6 *,#onetrust-banner-sdk button *,#onetrust-banner-sdk a[data-parent-id] *,#onetrust-pc-sdk h3 *,#onetrust-pc-sdk h4 *,#onetrust-pc-sdk h6 *,#onetrust-pc-sdk button *,#onetrust-pc-sdk a[data-parent-id] *,#ot-sync-ntfy h3 *,#ot-sync-ntfy h4 *,#ot-sync-ntfy h6 *,#ot-sync-ntfy button *,#ot-sync-ntfy a[data-parent-id] *{font-size:inherit;font-weight:inherit;color:inherit}#onetrust-banner-sdk .ot-hide,#onetrust-pc-sdk .ot-hide,#ot-sync-ntfy .ot-hide{display:none !important}#onetrust-banner-sdk button.ot-link-btn:hover,#onetrust-pc-sdk button.ot-link-btn:hover,#ot-sync-ntfy button.ot-link-btn:hover{text-decoration:underline;opacity:1}#onetrust-pc-sdk .ot-sdk-row .ot-sdk-column{padding:0}#onetrust-pc-sdk .ot-sdk-container{padding-right:0}#onetrust-pc-sdk .ot-sdk-row{flex-direction:initial;width:100%}#onetrust-pc-sdk [type=checkbox]:checked,#onetrust-pc-sdk [type=checkbox]:not(:checked){pointer-events:initial}#onetrust-pc-sdk [type=checkbox]:disabled+label::before,#onetrust-pc-sdk [type=checkbox]:disabled+label:after,#onetrust-pc-sdk [type=checkbox]:disabled+label{pointer-events:none;opacity:.7}#onetrust-pc-sdk #vendor-list-content{transform:translate3d(0, 0, 0)}#onetrust-pc-sdk li input[type=checkbox]{z-index:1}#onetrust-pc-sdk li .ot-checkbox label{z-index:2}#onetrust-pc-sdk li .ot-checkbox input[type=checkbox]{height:auto;width:auto}#onetrust-pc-sdk li .host-title a,#onetrust-pc-sdk li .ot-host-name a,#onetrust-pc-sdk li .accordion-text,#onetrust-pc-sdk li .ot-acc-txt{z-index:2;position:relative}#onetrust-pc-sdk input{margin:3px .1ex}#onetrust-pc-sdk .pc-logo,#onetrust-pc-sdk .ot-pc-logo{height:60px;width:180px;background-position:center;background-size:contain;background-repeat:no-repeat;display:inline-flex;justify-content:center;align-items:center}#onetrust-pc-sdk .pc-logo img,#onetrust-pc-sdk .ot-pc-logo img{max-height:100%;max-width:100%}#onetrust-pc-sdk .screen-reader-only,#onetrust-pc-sdk .ot-scrn-rdr,.ot-sdk-cookie-policy .screen-reader-only,.ot-sdk-cookie-policy .ot-scrn-rdr{border:0;clip:rect(0 0 0 0);height:1px;margin:-1px;overflow:hidden;padding:0;position:absolute;width:1px}#onetrust-pc-sdk.ot-fade-in,.onetrust-pc-dark-filter.ot-fade-in,#onetrust-banner-sdk.ot-fade-in{animation-name:onetrust-fade-in;animation-duration:400ms;animation-timing-function:ease-in-out}#onetrust-pc-sdk.ot-hide{display:none !important}.onetrust-pc-dark-filter.ot-hide{display:none !important}#ot-sdk-btn.ot-sdk-show-settings,#ot-sdk-btn.optanon-show-settings{color:#68b631;border:1px solid #68b631;height:auto;white-space:normal;word-wrap:break-word;padding:.8em 2em;font-size:.8em;line-height:1.2;cursor:pointer;-moz-transition:.1s ease;-o-transition:.1s ease;-webkit-transition:1s ease;transition:.1s ease}#ot-sdk-btn.ot-sdk-show-settings:hover,#ot-sdk-btn.optanon-show-settings:hover{color:#fff;background-color:#68b631}.onetrust-pc-dark-filter{background:rgba(0,0,0,.5);z-index:2147483646;width:100%;height:100%;overflow:hidden;position:fixed;top:0;bottom:0;left:0}@keyframes onetrust-fade-in{0%{opacity:0}100%{opacity:1}}.ot-cookie-label{text-decoration:underline}@media only screen and (min-width: 426px)and (max-width: 896px)and (orientation: landscape){#onetrust-pc-sdk p{font-size:.75em}}#onetrust-banner-sdk .banner-option-input:focus+label{outline:1px solid #000;outline-style:auto}.category-vendors-list-handler+a:focus,.category-vendors-list-handler+a:focus-visible{outline:2px solid #000}#onetrust-pc-sdk .ot-userid-title{margin-top:10px}#onetrust-pc-sdk .ot-userid-title>span,#onetrust-pc-sdk .ot-userid-timestamp>span{font-weight:700}#onetrust-pc-sdk .ot-userid-desc{font-style:italic}#onetrust-pc-sdk .ot-host-desc a{pointer-events:initial}#onetrust-pc-sdk .ot-ven-hdr>p a{position:relative;z-index:2;pointer-events:initial}#onetrust-pc-sdk .ot-vnd-serv .ot-vnd-item .ot-vnd-info a,#onetrust-pc-sdk .ot-vs-list .ot-vnd-item .ot-vnd-info a{margin-right:auto}#onetrust-pc-sdk .ot-pc-footer-logo img{width:136px;height:16px}#onetrust-pc-sdk .ot-pur-vdr-count{font-weight:400;font-size:.7rem;padding-top:3px;display:block}#onetrust-banner-sdk .ot-optout-signal,#onetrust-pc-sdk .ot-optout-signal{border:1px solid #32ae88;border-radius:3px;padding:5px;margin-bottom:10px;background-color:#f9fffa;font-size:.85rem;line-height:2}#onetrust-banner-sdk .ot-optout-signal .ot-optout-icon,#onetrust-pc-sdk .ot-optout-signal .ot-optout-icon{display:inline;margin-right:5px}#onetrust-banner-sdk .ot-optout-signal svg,#onetrust-pc-sdk .ot-optout-signal svg{height:20px;width:30px;transform:scale(0.5)}#onetrust-banner-sdk .ot-optout-signal svg path,#onetrust-pc-sdk .ot-optout-signal svg path{fill:#32ae88}#onetrust-consent-sdk .ot-general-modal{overflow:hidden;position:fixed;margin:0 auto;top:50%;left:50%;width:40%;padding:1.5rem;max-width:575px;min-width:575px;z-index:2147483647;border-radius:2.5px;transform:translate(-50%, -50%)}#onetrust-consent-sdk .ot-signature-health-group{margin-top:1rem;padding-left:1.25rem;padding-right:1.25rem;margin-bottom:.625rem;width:calc(100% - 2.5rem)}#onetrust-consent-sdk .ot-signature-health-group .ot-signature-health-form{gap:.5rem}#onetrust-consent-sdk .ot-signature-health .ot-signature-health-form{width:70%;gap:.35rem}#onetrust-consent-sdk .ot-signature-health .ot-signature-input{height:38px;padding:6px 10px;background-color:#fff;border:1px solid #d1d1d1;border-radius:4px;box-shadow:none;box-sizing:border-box}#onetrust-consent-sdk .ot-signature-health .ot-signature-subtitle{font-size:1.125rem}#onetrust-consent-sdk .ot-signature-health .ot-signature-group-title{font-size:1.25rem;font-weight:bold}#onetrust-consent-sdk .ot-signature-health,#onetrust-consent-sdk .ot-signature-health-group{display:flex;flex-direction:column;gap:1rem}#onetrust-consent-sdk .ot-signature-health .ot-signature-cont,#onetrust-consent-sdk .ot-signature-health-group .ot-signature-cont{display:flex;flex-direction:column;gap:.25rem}#onetrust-consent-sdk .ot-signature-health .ot-signature-paragraph,#onetrust-consent-sdk .ot-signature-health-group .ot-signature-paragraph{margin:0;line-height:20px;font-size:max(14px,.875rem)}#onetrust-consent-sdk .ot-signature-health .ot-health-signature-error,#onetrust-consent-sdk .ot-signature-health-group .ot-health-signature-error{color:#4d4d4d;font-size:min(12px,.75rem)}#onetrust-consent-sdk .ot-signature-health .ot-signature-buttons-cont,#onetrust-consent-sdk .ot-signature-health-group .ot-signature-buttons-cont{margin-top:max(.75rem,2%);gap:1rem;display:flex;justify-content:flex-end}#onetrust-consent-sdk .ot-signature-health .ot-signature-button,#onetrust-consent-sdk .ot-signature-health-group .ot-signature-button{flex:1;height:auto;color:#fff;cursor:pointer;line-height:1.2;min-width:125px;font-weight:600;font-size:.813em;border-radius:2px;padding:12px 10px;white-space:normal;word-wrap:break-word;word-break:break-word;background-color:#68b631;border:2px solid #68b631}#onetrust-consent-sdk .ot-signature-health .ot-signature-button.reject,#onetrust-consent-sdk .ot-signature-health-group .ot-signature-button.reject{background-color:#fff}#onetrust-consent-sdk .ot-input-field-cont{display:flex;flex-direction:column;gap:.5rem}#onetrust-consent-sdk .ot-input-field-cont .ot-signature-input{width:65%}#onetrust-consent-sdk .ot-signature-health-form{display:flex;flex-direction:column}#onetrust-consent-sdk .ot-signature-health-form .ot-signature-label{margin-bottom:0;line-height:20px;font-size:max(14px,.875rem)}@media only screen and (max-width: 600px){#onetrust-consent-sdk .ot-general-modal{min-width:100%}#onetrust-consent-sdk .ot-signature-health .ot-signature-health-form{width:100%}#onetrust-consent-sdk .ot-input-field-cont .ot-signature-input{width:100%}}#onetrust-banner-sdk,#onetrust-pc-sdk,#ot-sdk-cookie-policy,#ot-sync-ntfy{font-size:16px}#onetrust-banner-sdk *,#onetrust-banner-sdk ::after,#onetrust-banner-sdk ::before,#onetrust-pc-sdk *,#onetrust-pc-sdk ::after,#onetrust-pc-sdk ::before,#ot-sdk-cookie-policy *,#ot-sdk-cookie-policy ::after,#ot-sdk-cookie-policy ::before,#ot-sync-ntfy *,#ot-sync-ntfy ::after,#ot-sync-ntfy ::before{-webkit-box-sizing:content-box;-moz-box-sizing:content-box;box-sizing:content-box}#onetrust-banner-sdk div,#onetrust-banner-sdk span,#onetrust-banner-sdk h1,#onetrust-banner-sdk h2,#onetrust-banner-sdk h3,#onetrust-banner-sdk h4,#onetrust-banner-sdk h5,#onetrust-banner-sdk h6,#onetrust-banner-sdk p,#onetrust-banner-sdk img,#onetrust-banner-sdk svg,#onetrust-banner-sdk button,#onetrust-banner-sdk section,#onetrust-banner-sdk a,#onetrust-banner-sdk label,#onetrust-banner-sdk input,#onetrust-banner-sdk ul,#onetrust-banner-sdk li,#onetrust-banner-sdk nav,#onetrust-banner-sdk table,#onetrust-banner-sdk thead,#onetrust-banner-sdk tr,#onetrust-banner-sdk td,#onetrust-banner-sdk tbody,#onetrust-banner-sdk .ot-main-content,#onetrust-banner-sdk .ot-toggle,#onetrust-banner-sdk #ot-content,#onetrust-banner-sdk #ot-pc-content,#onetrust-banner-sdk .checkbox,#onetrust-pc-sdk div,#onetrust-pc-sdk span,#onetrust-pc-sdk h1,#onetrust-pc-sdk h2,#onetrust-pc-sdk h3,#onetrust-pc-sdk h4,#onetrust-pc-sdk h5,#onetrust-pc-sdk h6,#onetrust-pc-sdk p,#onetrust-pc-sdk img,#onetrust-pc-sdk svg,#onetrust-pc-sdk button,#onetrust-pc-sdk section,#onetrust-pc-sdk a,#onetrust-pc-sdk label,#onetrust-pc-sdk input,#onetrust-pc-sdk ul,#onetrust-pc-sdk li,#onetrust-pc-sdk nav,#onetrust-pc-sdk table,#onetrust-pc-sdk thead,#onetrust-pc-sdk tr,#onetrust-pc-sdk td,#onetrust-pc-sdk tbody,#onetrust-pc-sdk .ot-main-content,#onetrust-pc-sdk .ot-toggle,#onetrust-pc-sdk #ot-content,#onetrust-pc-sdk #ot-pc-content,#onetrust-pc-sdk .checkbox,#ot-sdk-cookie-policy div,#ot-sdk-cookie-policy span,#ot-sdk-cookie-policy h1,#ot-sdk-cookie-policy h2,#ot-sdk-cookie-policy h3,#ot-sdk-cookie-policy h4,#ot-sdk-cookie-policy h5,#ot-sdk-cookie-policy h6,#ot-sdk-cookie-policy p,#ot-sdk-cookie-policy img,#ot-sdk-cookie-policy svg,#ot-sdk-cookie-policy button,#ot-sdk-cookie-policy section,#ot-sdk-cookie-policy a,#ot-sdk-cookie-policy label,#ot-sdk-cookie-policy input,#ot-sdk-cookie-policy ul,#ot-sdk-cookie-policy li,#ot-sdk-cookie-policy nav,#ot-sdk-cookie-policy table,#ot-sdk-cookie-policy thead,#ot-sdk-cookie-policy tr,#ot-sdk-cookie-policy td,#ot-sdk-cookie-policy tbody,#ot-sdk-cookie-policy .ot-main-content,#ot-sdk-cookie-policy .ot-toggle,#ot-sdk-cookie-policy #ot-content,#ot-sdk-cookie-policy #ot-pc-content,#ot-sdk-cookie-policy .checkbox,#ot-sync-ntfy div,#ot-sync-ntfy span,#ot-sync-ntfy h1,#ot-sync-ntfy h2,#ot-sync-ntfy h3,#ot-sync-ntfy h4,#ot-sync-ntfy h5,#ot-sync-ntfy h6,#ot-sync-ntfy p,#ot-sync-ntfy img,#ot-sync-ntfy svg,#ot-sync-ntfy button,#ot-sync-ntfy section,#ot-sync-ntfy a,#ot-sync-ntfy label,#ot-sync-ntfy input,#ot-sync-ntfy ul,#ot-sync-ntfy li,#ot-sync-ntfy nav,#ot-sync-ntfy table,#ot-sync-ntfy thead,#ot-sync-ntfy tr,#ot-sync-ntfy td,#ot-sync-ntfy tbody,#ot-sync-ntfy .ot-main-content,#ot-sync-ntfy .ot-toggle,#ot-sync-ntfy #ot-content,#ot-sync-ntfy #ot-pc-content,#ot-sync-ntfy .checkbox{font-family:inherit;font-weight:normal;-webkit-font-smoothing:auto;letter-spacing:normal;line-height:normal;padding:0;margin:0;height:auto;min-height:0;max-height:none;width:auto;min-width:0;max-width:none;border-radius:0;border:none;clear:none;float:none;position:static;bottom:auto;left:auto;right:auto;top:auto;text-align:left;text-decoration:none;text-indent:0;text-shadow:none;text-transform:none;white-space:normal;background:none;overflow:visible;vertical-align:baseline;visibility:visible;z-index:auto;box-shadow:none}#onetrust-banner-sdk label:before,#onetrust-banner-sdk label:after,#onetrust-banner-sdk .checkbox:after,#onetrust-banner-sdk .checkbox:before,#onetrust-pc-sdk label:before,#onetrust-pc-sdk label:after,#onetrust-pc-sdk .checkbox:after,#onetrust-pc-sdk .checkbox:before,#ot-sdk-cookie-policy label:before,#ot-sdk-cookie-policy label:after,#ot-sdk-cookie-policy .checkbox:after,#ot-sdk-cookie-policy .checkbox:before,#ot-sync-ntfy label:before,#ot-sync-ntfy label:after,#ot-sync-ntfy .checkbox:after,#ot-sync-ntfy .checkbox:before{content:"";content:none}#onetrust-banner-sdk .ot-sdk-container,#onetrust-pc-sdk .ot-sdk-container,#ot-sdk-cookie-policy .ot-sdk-container{position:relative;width:100%;max-width:100%;margin:0 auto;padding:0 20px;box-sizing:border-box}#onetrust-banner-sdk .ot-sdk-column,#onetrust-banner-sdk .ot-sdk-columns,#onetrust-pc-sdk .ot-sdk-column,#onetrust-pc-sdk .ot-sdk-columns,#ot-sdk-cookie-policy .ot-sdk-column,#ot-sdk-cookie-policy .ot-sdk-columns{width:100%;float:left;box-sizing:border-box;padding:0;display:initial}@media(min-width: 400px){#onetrust-banner-sdk .ot-sdk-container,#onetrust-pc-sdk .ot-sdk-container,#ot-sdk-cookie-policy .ot-sdk-container{width:90%;padding:0}}@media(min-width: 550px){#onetrust-banner-sdk .ot-sdk-container,#onetrust-pc-sdk .ot-sdk-container,#ot-sdk-cookie-policy .ot-sdk-container{width:100%}#onetrust-banner-sdk .ot-sdk-column,#onetrust-banner-sdk .ot-sdk-columns,#onetrust-pc-sdk .ot-sdk-column,#onetrust-pc-sdk .ot-sdk-columns,#ot-sdk-cookie-policy .ot-sdk-column,#ot-sdk-cookie-policy .ot-sdk-columns{margin-left:4%}#onetrust-banner-sdk .ot-sdk-column:first-child,#onetrust-banner-sdk .ot-sdk-columns:first-child,#onetrust-pc-sdk .ot-sdk-column:first-child,#onetrust-pc-sdk .ot-sdk-columns:first-child,#ot-sdk-cookie-policy .ot-sdk-column:first-child,#ot-sdk-cookie-policy .ot-sdk-columns:first-child{margin-left:0}#onetrust-banner-sdk .ot-sdk-two.ot-sdk-columns,#onetrust-pc-sdk .ot-sdk-two.ot-sdk-columns,#ot-sdk-cookie-policy .ot-sdk-two.ot-sdk-columns{width:13.3333333333%}#onetrust-banner-sdk .ot-sdk-three.ot-sdk-columns,#onetrust-pc-sdk .ot-sdk-three.ot-sdk-columns,#ot-sdk-cookie-policy .ot-sdk-three.ot-sdk-columns{width:22%}#onetrust-banner-sdk .ot-sdk-four.ot-sdk-columns,#onetrust-pc-sdk .ot-sdk-four.ot-sdk-columns,#ot-sdk-cookie-policy .ot-sdk-four.ot-sdk-columns{width:30.6666666667%}#onetrust-banner-sdk .ot-sdk-eight.ot-sdk-columns,#onetrust-pc-sdk .ot-sdk-eight.ot-sdk-columns,#ot-sdk-cookie-policy .ot-sdk-eight.ot-sdk-columns{width:65.3333333333%}#onetrust-banner-sdk .ot-sdk-nine.ot-sdk-columns,#onetrust-pc-sdk .ot-sdk-nine.ot-sdk-columns,#ot-sdk-cookie-policy .ot-sdk-nine.ot-sdk-columns{width:74%}#onetrust-banner-sdk .ot-sdk-ten.ot-sdk-columns,#onetrust-pc-sdk .ot-sdk-ten.ot-sdk-columns,#ot-sdk-cookie-policy .ot-sdk-ten.ot-sdk-columns{width:82.6666666667%}#onetrust-banner-sdk .ot-sdk-eleven.ot-sdk-columns,#onetrust-pc-sdk .ot-sdk-eleven.ot-sdk-columns,#ot-sdk-cookie-policy .ot-sdk-eleven.ot-sdk-columns{width:91.3333333333%}#onetrust-banner-sdk .ot-sdk-twelve.ot-sdk-columns,#onetrust-pc-sdk .ot-sdk-twelve.ot-sdk-columns,#ot-sdk-cookie-policy .ot-sdk-twelve.ot-sdk-columns{width:100%;margin-left:0}}#onetrust-banner-sdk h1,#onetrust-banner-sdk h2,#onetrust-banner-sdk h3,#onetrust-banner-sdk h4,#onetrust-banner-sdk h5,#onetrust-banner-sdk h6,#onetrust-pc-sdk h1,#onetrust-pc-sdk h2,#onetrust-pc-sdk h3,#onetrust-pc-sdk h4,#onetrust-pc-sdk h5,#onetrust-pc-sdk h6,#ot-sdk-cookie-policy h1,#ot-sdk-cookie-policy h2,#ot-sdk-cookie-policy h3,#ot-sdk-cookie-policy h4,#ot-sdk-cookie-policy h5,#ot-sdk-cookie-policy h6{margin-top:0;font-weight:600;font-family:inherit}#onetrust-banner-sdk h1,#onetrust-pc-sdk h1,#ot-sdk-cookie-policy h1{font-size:1.5rem;line-height:1.2}#onetrust-banner-sdk h2,#onetrust-pc-sdk h2,#ot-sdk-cookie-policy h2{font-size:1.5rem;line-height:1.25}#onetrust-banner-sdk h3,#onetrust-pc-sdk h3,#ot-sdk-cookie-policy h3{font-size:1.5rem;line-height:1.3}#onetrust-banner-sdk h4,#onetrust-pc-sdk h4,#ot-sdk-cookie-policy h4{font-size:1.5rem;line-height:1.35}#onetrust-banner-sdk h5,#onetrust-pc-sdk h5,#ot-sdk-cookie-policy h5{font-size:1.5rem;line-height:1.5}#onetrust-banner-sdk h6,#onetrust-pc-sdk h6,#ot-sdk-cookie-policy h6{font-size:1.5rem;line-height:1.6}@media(min-width: 550px){#onetrust-banner-sdk h1,#onetrust-pc-sdk h1,#ot-sdk-cookie-policy h1{font-size:1.5rem}#onetrust-banner-sdk h2,#onetrust-pc-sdk h2,#ot-sdk-cookie-policy h2{font-size:1.5rem}#onetrust-banner-sdk h3,#onetrust-pc-sdk h3,#ot-sdk-cookie-policy h3{font-size:1.5rem}#onetrust-banner-sdk h4,#onetrust-pc-sdk h4,#ot-sdk-cookie-policy h4{font-size:1.5rem}#onetrust-banner-sdk h5,#onetrust-pc-sdk h5,#ot-sdk-cookie-policy h5{font-size:1.5rem}#onetrust-banner-sdk h6,#onetrust-pc-sdk h6,#ot-sdk-cookie-policy h6{font-size:1.5rem}}#onetrust-banner-sdk p,#onetrust-pc-sdk p,#ot-sdk-cookie-policy p{margin:0 0 1em 0;font-family:inherit;line-height:normal}#onetrust-banner-sdk a,#onetrust-pc-sdk a,#ot-sdk-cookie-policy a{color:#565656;text-decoration:underline}#onetrust-banner-sdk a:hover,#onetrust-pc-sdk a:hover,#ot-sdk-cookie-policy a:hover{color:#565656;text-decoration:none}#onetrust-banner-sdk .ot-sdk-button,#onetrust-banner-sdk button,#onetrust-pc-sdk .ot-sdk-button,#onetrust-pc-sdk button,#ot-sdk-cookie-policy .ot-sdk-button,#ot-sdk-cookie-policy button{margin-bottom:1rem;font-family:inherit}#onetrust-banner-sdk .ot-sdk-button,#onetrust-banner-sdk button,#onetrust-pc-sdk .ot-sdk-button,#onetrust-pc-sdk button,#ot-sdk-cookie-policy .ot-sdk-button,#ot-sdk-cookie-policy button{display:inline-block;height:38px;padding:0 30px;color:#555;text-align:center;font-size:.9em;font-weight:400;line-height:38px;letter-spacing:.01em;text-decoration:none;white-space:nowrap;background-color:rgba(0,0,0,0);border-radius:2px;border:1px solid #bbb;cursor:pointer;box-sizing:border-box}#onetrust-banner-sdk .ot-sdk-button:hover,#onetrust-banner-sdk :not(.ot-leg-btn-container)>button:not(.ot-link-btn):hover,#onetrust-banner-sdk :not(.ot-leg-btn-container)>button:not(.ot-link-btn):focus,#onetrust-pc-sdk .ot-sdk-button:hover,#onetrust-pc-sdk :not(.ot-leg-btn-container)>button:not(.ot-link-btn):hover,#onetrust-pc-sdk :not(.ot-leg-btn-container)>button:not(.ot-link-btn):focus,#ot-sdk-cookie-policy .ot-sdk-button:hover,#ot-sdk-cookie-policy :not(.ot-leg-btn-container)>button:not(.ot-link-btn):hover,#ot-sdk-cookie-policy :not(.ot-leg-btn-container)>button:not(.ot-link-btn):focus{color:#333;border-color:#888;opacity:.7}#onetrust-banner-sdk .ot-sdk-button:focus,#onetrust-banner-sdk :not(.ot-leg-btn-container)>button:focus,#onetrust-pc-sdk .ot-sdk-button:focus,#onetrust-pc-sdk :not(.ot-leg-btn-container)>button:focus,#ot-sdk-cookie-policy .ot-sdk-button:focus,#ot-sdk-cookie-policy :not(.ot-leg-btn-container)>button:focus{outline:2px solid #000}#onetrust-banner-sdk .ot-sdk-button.ot-sdk-button-primary,#onetrust-banner-sdk button.ot-sdk-button-primary,#onetrust-banner-sdk input[type=submit].ot-sdk-button-primary,#onetrust-banner-sdk input[type=reset].ot-sdk-button-primary,#onetrust-banner-sdk input[type=button].ot-sdk-button-primary,#onetrust-pc-sdk .ot-sdk-button.ot-sdk-button-primary,#onetrust-pc-sdk button.ot-sdk-button-primary,#onetrust-pc-sdk input[type=submit].ot-sdk-button-primary,#onetrust-pc-sdk input[type=reset].ot-sdk-button-primary,#onetrust-pc-sdk input[type=button].ot-sdk-button-primary,#ot-sdk-cookie-policy .ot-sdk-button.ot-sdk-button-primary,#ot-sdk-cookie-policy button.ot-sdk-button-primary,#ot-sdk-cookie-policy input[type=submit].ot-sdk-button-primary,#ot-sdk-cookie-policy input[type=reset].ot-sdk-button-primary,#ot-sdk-cookie-policy input[type=button].ot-sdk-button-primary{color:#fff;background-color:#33c3f0;border-color:#33c3f0}#onetrust-banner-sdk .ot-sdk-button.ot-sdk-button-primary:hover,#onetrust-banner-sdk button.ot-sdk-button-primary:hover,#onetrust-banner-sdk input[type=submit].ot-sdk-button-primary:hover,#onetrust-banner-sdk input[type=reset].ot-sdk-button-primary:hover,#onetrust-banner-sdk input[type=button].ot-sdk-button-primary:hover,#onetrust-banner-sdk .ot-sdk-button.ot-sdk-button-primary:focus,#onetrust-banner-sdk button.ot-sdk-button-primary:focus,#onetrust-banner-sdk input[type=submit].ot-sdk-button-primary:focus,#onetrust-banner-sdk input[type=reset].ot-sdk-button-primary:focus,#onetrust-banner-sdk input[type=button].ot-sdk-button-primary:focus,#onetrust-pc-sdk .ot-sdk-button.ot-sdk-button-primary:hover,#onetrust-pc-sdk button.ot-sdk-button-primary:hover,#onetrust-pc-sdk input[type=submit].ot-sdk-button-primary:hover,#onetrust-pc-sdk input[type=reset].ot-sdk-button-primary:hover,#onetrust-pc-sdk input[type=button].ot-sdk-button-primary:hover,#onetrust-pc-sdk .ot-sdk-button.ot-sdk-button-primary:focus,#onetrust-pc-sdk button.ot-sdk-button-primary:focus,#onetrust-pc-sdk input[type=submit].ot-sdk-button-primary:focus,#onetrust-pc-sdk input[type=reset].ot-sdk-button-primary:focus,#onetrust-pc-sdk input[type=button].ot-sdk-button-primary:focus,#ot-sdk-cookie-policy .ot-sdk-button.ot-sdk-button-primary:hover,#ot-sdk-cookie-policy button.ot-sdk-button-primary:hover,#ot-sdk-cookie-policy input[type=submit].ot-sdk-button-primary:hover,#ot-sdk-cookie-policy input[type=reset].ot-sdk-button-primary:hover,#ot-sdk-cookie-policy input[type=button].ot-sdk-button-primary:hover,#ot-sdk-cookie-policy .ot-sdk-button.ot-sdk-button-primary:focus,#ot-sdk-cookie-policy button.ot-sdk-button-primary:focus,#ot-sdk-cookie-policy input[type=submit].ot-sdk-button-primary:focus,#ot-sdk-cookie-policy input[type=reset].ot-sdk-button-primary:focus,#ot-sdk-cookie-policy input[type=button].ot-sdk-button-primary:focus{color:#fff;background-color:#1eaedb;border-color:#1eaedb}#onetrust-banner-sdk input[type=text],#onetrust-pc-sdk input[type=text],#ot-sdk-cookie-policy input[type=text]{height:38px;padding:6px 10px;background-color:#fff;border:1px solid #d1d1d1;border-radius:4px;box-shadow:none;box-sizing:border-box}#onetrust-banner-sdk input[type=text],#onetrust-pc-sdk input[type=text],#ot-sdk-cookie-policy input[type=text]{-webkit-appearance:none;-moz-appearance:none;appearance:none}#onetrust-banner-sdk input[type=text]:focus,#onetrust-pc-sdk input[type=text]:focus,#ot-sdk-cookie-policy input[type=text]:focus{border:1px solid #000;outline:0}#onetrust-banner-sdk label,#onetrust-pc-sdk label,#ot-sdk-cookie-policy label{display:block;margin-bottom:.5rem;font-weight:600}#onetrust-banner-sdk input[type=checkbox],#onetrust-pc-sdk input[type=checkbox],#ot-sdk-cookie-policy input[type=checkbox]{display:inline}#onetrust-banner-sdk ul,#onetrust-pc-sdk ul,#ot-sdk-cookie-policy ul{list-style:circle inside}#onetrust-banner-sdk ul,#onetrust-pc-sdk ul,#ot-sdk-cookie-policy ul{padding-left:0;margin-top:0}#onetrust-banner-sdk ul ul,#onetrust-pc-sdk ul ul,#ot-sdk-cookie-policy ul ul{margin:1.5rem 0 1.5rem 3rem;font-size:90%}#onetrust-banner-sdk li,#onetrust-pc-sdk li,#ot-sdk-cookie-policy li{margin-bottom:1rem}#onetrust-banner-sdk th,#onetrust-banner-sdk td,#onetrust-pc-sdk th,#onetrust-pc-sdk td,#ot-sdk-cookie-policy th,#ot-sdk-cookie-policy td{padding:12px 15px;text-align:left;border-bottom:1px solid #e1e1e1}#onetrust-banner-sdk button,#onetrust-pc-sdk button,#ot-sdk-cookie-policy button{margin-bottom:1rem;font-family:inherit}#onetrust-banner-sdk .ot-sdk-container:after,#onetrust-banner-sdk .ot-sdk-row:after,#onetrust-pc-sdk .ot-sdk-container:after,#onetrust-pc-sdk .ot-sdk-row:after,#ot-sdk-cookie-policy .ot-sdk-container:after,#ot-sdk-cookie-policy .ot-sdk-row:after{content:"";display:table;clear:both}#onetrust-banner-sdk .ot-sdk-row,#onetrust-pc-sdk .ot-sdk-row,#ot-sdk-cookie-policy .ot-sdk-row{margin:0;max-width:none;display:block}#onetrust-banner-sdk{box-shadow:0 0 18px rgba(0,0,0,.2)}#onetrust-banner-sdk.otFlat{position:fixed;z-index:2147483645;bottom:0;right:0;left:0;background-color:#fff;max-height:90%;overflow-x:hidden;overflow-y:auto}#onetrust-banner-sdk.otFlat.top{top:0px;bottom:auto}#onetrust-banner-sdk.otRelFont{font-size:1rem}#onetrust-banner-sdk>.ot-sdk-container{overflow:hidden}#onetrust-banner-sdk::-webkit-scrollbar{width:11px}#onetrust-banner-sdk::-webkit-scrollbar-thumb{border-radius:10px;background:#c1c1c1}#onetrust-banner-sdk{scrollbar-arrow-color:#c1c1c1;scrollbar-darkshadow-color:#c1c1c1;scrollbar-face-color:#c1c1c1;scrollbar-shadow-color:#c1c1c1}#onetrust-banner-sdk #onetrust-policy{margin:1.25em 0 .625em 2em;overflow:hidden}#onetrust-banner-sdk #onetrust-policy .ot-gv-list-handler{float:left;font-size:.82em;padding:0;margin-bottom:0;border:0;line-height:normal;height:auto;width:auto}#onetrust-banner-sdk #onetrust-policy-title{font-size:1.2em;line-height:1.3;margin-bottom:10px}#onetrust-banner-sdk #onetrust-policy-text{clear:both;text-align:left;font-size:.88em;line-height:1.4}#onetrust-banner-sdk #onetrust-policy-text *{font-size:inherit;line-height:inherit}#onetrust-banner-sdk #onetrust-policy-text a{font-weight:bold;margin-left:5px}#onetrust-banner-sdk #onetrust-policy-title,#onetrust-banner-sdk #onetrust-policy-text{color:dimgray;float:left}#onetrust-banner-sdk #onetrust-button-group-parent{min-height:1px;text-align:center}#onetrust-banner-sdk #onetrust-button-group{display:inline-block}#onetrust-banner-sdk #onetrust-accept-btn-handler,#onetrust-banner-sdk #onetrust-reject-all-handler,#onetrust-banner-sdk #onetrust-pc-btn-handler{background-color:#68b631;color:#fff;border-color:#68b631;margin-right:1em;min-width:125px;height:auto;white-space:normal;word-break:break-word;word-wrap:break-word;padding:12px 10px;line-height:1.2;font-size:.813em;font-weight:600}#onetrust-banner-sdk #onetrust-pc-btn-handler.cookie-setting-link{background-color:#fff;border:none;color:#68b631;text-decoration:underline;padding-left:0;padding-right:0}#onetrust-banner-sdk .onetrust-close-btn-ui{width:44px;height:44px;background-size:12px;border:none;position:relative;margin:auto;padding:0}#onetrust-banner-sdk .banner_logo{display:none}#onetrust-banner-sdk.ot-bnr-w-logo .ot-bnr-logo{position:absolute;top:50%;transform:translateY(-50%);left:0px}#onetrust-banner-sdk.ot-bnr-w-logo #onetrust-policy{margin-left:65px}#onetrust-banner-sdk .ot-b-addl-desc{clear:both;float:left;display:block}#onetrust-banner-sdk #banner-options{float:left;display:table;margin-right:0;margin-left:1em;width:calc(100% - 1em)}#onetrust-banner-sdk .banner-option-input{cursor:pointer;width:auto;height:auto;border:none;padding:0;padding-right:3px;margin:0 0 10px;font-size:.82em;line-height:1.4}#onetrust-banner-sdk .banner-option-input *{pointer-events:none;font-size:inherit;line-height:inherit}#onetrust-banner-sdk .banner-option-input[aria-expanded=true]~.banner-option-details{display:block;height:auto}#onetrust-banner-sdk .banner-option-input[aria-expanded=true] .ot-arrow-container{transform:rotate(90deg)}#onetrust-banner-sdk .banner-option{margin-bottom:12px;margin-left:0;border:none;float:left;padding:0}#onetrust-banner-sdk .banner-option:first-child{padding-left:2px}#onetrust-banner-sdk .banner-option:not(:first-child){padding:0;border:none}#onetrust-banner-sdk .banner-option-header{cursor:pointer;display:inline-block}#onetrust-banner-sdk .banner-option-header :first-child{color:dimgray;font-weight:bold;float:left}#onetrust-banner-sdk .banner-option-header .ot-arrow-container{display:inline-block;border-top:6px solid rgba(0,0,0,0);border-bottom:6px solid rgba(0,0,0,0);border-left:6px solid dimgray;margin-left:10px;vertical-align:middle}#onetrust-banner-sdk .banner-option-details{display:none;font-size:.83em;line-height:1.5;padding:10px 0px 5px 10px;margin-right:10px;height:0px}#onetrust-banner-sdk .banner-option-details *{font-size:inherit;line-height:inherit;color:dimgray}#onetrust-banner-sdk .ot-arrow-container,#onetrust-banner-sdk .banner-option-details{transition:all 300ms ease-in 0s;-webkit-transition:all 300ms ease-in 0s;-moz-transition:all 300ms ease-in 0s;-o-transition:all 300ms ease-in 0s}#onetrust-banner-sdk .ot-dpd-container{float:left}#onetrust-banner-sdk .ot-dpd-title{margin-bottom:10px}#onetrust-banner-sdk .ot-dpd-title,#onetrust-banner-sdk .ot-dpd-desc{font-size:.88em;line-height:1.4;color:dimgray}#onetrust-banner-sdk .ot-dpd-title *,#onetrust-banner-sdk .ot-dpd-desc *{font-size:inherit;line-height:inherit}#onetrust-banner-sdk.ot-iab-2 #onetrust-policy-text *{margin-bottom:0}#onetrust-banner-sdk.ot-iab-2 .onetrust-vendors-list-handler{display:block;margin-left:0;margin-top:5px;clear:both;margin-bottom:0;padding:0;border:0;height:auto;width:auto}#onetrust-banner-sdk.ot-iab-2 #onetrust-button-group button{display:block}#onetrust-banner-sdk.ot-close-btn-link{padding-top:25px}#onetrust-banner-sdk.ot-close-btn-link #onetrust-close-btn-container{top:15px;transform:none;right:15px}#onetrust-banner-sdk.ot-close-btn-link #onetrust-close-btn-container button{padding:0;white-space:pre-wrap;border:none;height:auto;line-height:1.5;text-decoration:underline;font-size:.69em}#onetrust-banner-sdk #onetrust-policy-text,#onetrust-banner-sdk .ot-dpd-desc,#onetrust-banner-sdk .ot-b-addl-desc{font-size:.813em;line-height:1.5}#onetrust-banner-sdk .ot-dpd-desc{margin-bottom:10px}#onetrust-banner-sdk .ot-dpd-desc>.ot-b-addl-desc{margin-top:10px;margin-bottom:10px;font-size:1em}@media only screen and (max-width: 425px){#onetrust-banner-sdk #onetrust-close-btn-container{position:absolute;top:6px;right:2px}#onetrust-banner-sdk #onetrust-policy{margin-left:0;margin-top:3em}#onetrust-banner-sdk #onetrust-button-group{display:block}#onetrust-banner-sdk #onetrust-accept-btn-handler,#onetrust-banner-sdk #onetrust-reject-all-handler,#onetrust-banner-sdk #onetrust-pc-btn-handler{width:100%}#onetrust-banner-sdk .onetrust-close-btn-ui{top:auto;transform:none}#onetrust-banner-sdk #onetrust-policy-title{display:inline;float:none}#onetrust-banner-sdk #banner-options{margin:0;padding:0;width:100%}}@media only screen and (min-width: 426px)and (max-width: 896px){#onetrust-banner-sdk #onetrust-close-btn-container{position:absolute;top:0;right:0}#onetrust-banner-sdk #onetrust-policy{margin-left:1em;margin-right:1em}#onetrust-banner-sdk .onetrust-close-btn-ui{top:10px;right:10px}#onetrust-banner-sdk:not(.ot-iab-2) #onetrust-group-container{width:95%}#onetrust-banner-sdk.ot-iab-2 #onetrust-group-container{width:100%}#onetrust-banner-sdk.ot-bnr-w-logo #onetrust-button-group-parent{padding-left:50px}#onetrust-banner-sdk #onetrust-button-group-parent{width:100%;position:relative;margin-left:0}#onetrust-banner-sdk #onetrust-button-group button{display:inline-block}#onetrust-banner-sdk #onetrust-button-group{margin-right:0;text-align:center}#onetrust-banner-sdk .has-reject-all-button #onetrust-pc-btn-handler{float:left}#onetrust-banner-sdk .has-reject-all-button #onetrust-reject-all-handler,#onetrust-banner-sdk .has-reject-all-button #onetrust-accept-btn-handler{float:right}#onetrust-banner-sdk .has-reject-all-button #onetrust-button-group{width:calc(100% - 2em);margin-right:0}#onetrust-banner-sdk .has-reject-all-button #onetrust-pc-btn-handler.cookie-setting-link{padding-left:0px;text-align:left}#onetrust-banner-sdk.ot-buttons-fw .ot-sdk-three button{width:100%;text-align:center}#onetrust-banner-sdk.ot-buttons-fw #onetrust-button-group-parent button{float:none}#onetrust-banner-sdk.ot-buttons-fw #onetrust-pc-btn-handler.cookie-setting-link{text-align:center}}@media only screen and (min-width: 550px){#onetrust-banner-sdk .banner-option:not(:first-child){border-left:1px solid #d8d8d8;padding-left:25px}}@media only screen and (min-width: 425px)and (max-width: 550px){#onetrust-banner-sdk.ot-iab-2 #onetrust-button-group,#onetrust-banner-sdk.ot-iab-2 #onetrust-policy,#onetrust-banner-sdk.ot-iab-2 .banner-option{width:100%}#onetrust-banner-sdk.ot-iab-2 #onetrust-button-group #onetrust-accept-btn-handler,#onetrust-banner-sdk.ot-iab-2 #onetrust-button-group #onetrust-reject-all-handler,#onetrust-banner-sdk.ot-iab-2 #onetrust-button-group #onetrust-pc-btn-handler{width:100%}#onetrust-banner-sdk.ot-iab-2 #onetrust-button-group #onetrust-accept-btn-handler,#onetrust-banner-sdk.ot-iab-2 #onetrust-button-group #onetrust-reject-all-handler{float:left}}@media only screen and (min-width: 769px){#onetrust-banner-sdk #onetrust-button-group{margin-right:30%}#onetrust-banner-sdk #banner-options{margin-left:2em;margin-right:5em;margin-bottom:1.25em;width:calc(100% - 7em)}}@media only screen and (min-width: 897px)and (max-width: 1023px){#onetrust-banner-sdk.vertical-align-content #onetrust-button-group-parent{position:absolute;top:50%;left:75%;transform:translateY(-50%)}#onetrust-banner-sdk #onetrust-close-btn-container{top:50%;margin:auto;transform:translate(-50%, -50%);position:absolute;padding:0;right:0}#onetrust-banner-sdk #onetrust-close-btn-container button{position:relative;margin:0;right:-22px;top:2px}}@media only screen and (min-width: 1024px){#onetrust-banner-sdk #onetrust-close-btn-container{top:50%;margin:auto;transform:translate(-50%, -50%);position:absolute;right:0}#onetrust-banner-sdk #onetrust-close-btn-container button{right:-12px}#onetrust-banner-sdk #onetrust-policy{margin-left:2em}#onetrust-banner-sdk.vertical-align-content #onetrust-button-group-parent{position:absolute;top:50%;left:60%;transform:translateY(-50%)}#onetrust-banner-sdk .ot-optout-signal{width:50%}#onetrust-banner-sdk.ot-iab-2 #onetrust-policy-title{width:50%}#onetrust-banner-sdk.ot-iab-2 #onetrust-policy-text,#onetrust-banner-sdk.ot-iab-2 :not(.ot-dpd-desc)>.ot-b-addl-desc{margin-bottom:1em;width:50%;border-right:1px solid #d8d8d8;padding-right:1rem}#onetrust-banner-sdk.ot-iab-2 #onetrust-policy-text{margin-bottom:0;padding-bottom:1em}#onetrust-banner-sdk.ot-iab-2 :not(.ot-dpd-desc)>.ot-b-addl-desc{margin-bottom:0;padding-bottom:1em}#onetrust-banner-sdk.ot-iab-2 .ot-dpd-container{width:45%;padding-left:1rem;display:inline-block;float:none}#onetrust-banner-sdk.ot-iab-2 .ot-dpd-title{line-height:1.7}#onetrust-banner-sdk.ot-iab-2 #onetrust-button-group-parent{left:auto;right:4%;margin-left:0}#onetrust-banner-sdk.ot-iab-2 #onetrust-button-group button{display:block}#onetrust-banner-sdk:not(.ot-iab-2) #onetrust-button-group-parent{margin:auto;width:30%}#onetrust-banner-sdk:not(.ot-iab-2) #onetrust-group-container{width:60%}#onetrust-banner-sdk #onetrust-button-group{margin-right:auto}#onetrust-banner-sdk #onetrust-accept-btn-handler,#onetrust-banner-sdk #onetrust-reject-all-handler,#onetrust-banner-sdk #onetrust-pc-btn-handler{margin-top:1em}}@media only screen and (min-width: 890px){#onetrust-banner-sdk.ot-buttons-fw:not(.ot-iab-2) #onetrust-button-group-parent{padding-left:3%;padding-right:4%;margin-left:0}#onetrust-banner-sdk.ot-buttons-fw:not(.ot-iab-2) #onetrust-button-group{margin-right:0;margin-top:1.25em;width:100%}#onetrust-banner-sdk.ot-buttons-fw:not(.ot-iab-2) #onetrust-button-group button{width:100%;margin-bottom:5px;margin-top:5px}#onetrust-banner-sdk.ot-buttons-fw:not(.ot-iab-2) #onetrust-button-group button:last-of-type{margin-bottom:20px}}@media only screen and (min-width: 1280px){#onetrust-banner-sdk:not(.ot-iab-2) #onetrust-group-container{width:55%}#onetrust-banner-sdk:not(.ot-iab-2) #onetrust-button-group-parent{width:44%;padding-left:2%;padding-right:2%}#onetrust-banner-sdk:not(.ot-iab-2).vertical-align-content #onetrust-button-group-parent{position:absolute;left:55%}}
        #onetrust-consent-sdk #onetrust-banner-sdk {background-color: #FFFFFF;}
            #onetrust-consent-sdk #onetrust-policy-title,
                    #onetrust-consent-sdk #onetrust-policy-text,
                    #onetrust-consent-sdk .ot-b-addl-desc,
                    #onetrust-consent-sdk .ot-dpd-desc,
                    #onetrust-consent-sdk .ot-dpd-title,
                    #onetrust-consent-sdk #onetrust-policy-text *:not(.onetrust-vendors-list-handler),
                    #onetrust-consent-sdk .ot-dpd-desc *:not(.onetrust-vendors-list-handler),
                    #onetrust-consent-sdk #onetrust-banner-sdk #banner-options *,
                    #onetrust-banner-sdk .ot-cat-header,
                    #onetrust-banner-sdk .ot-optout-signal
                    {
                        color: #696969;
                    }
            #onetrust-consent-sdk #onetrust-banner-sdk .banner-option-details {
                    background-color: #E9E9E9;}
             #onetrust-consent-sdk #onetrust-banner-sdk a[href],
                    #onetrust-consent-sdk #onetrust-banner-sdk a[href] font,
                    #onetrust-consent-sdk #onetrust-banner-sdk .ot-link-btn
                        {
                            color: #3860BE;
                        }#onetrust-consent-sdk #onetrust-accept-btn-handler,
                         #onetrust-banner-sdk #onetrust-reject-all-handler {
                            background-color: #C8030F;border-color: #C8030F;
                color: #FFFFFF;
            }
            #onetrust-consent-sdk #onetrust-banner-sdk *:focus,
            #onetrust-consent-sdk #onetrust-banner-sdk:focus {
               outline-color: #000000;
               outline-width: 1px;
            }
            #onetrust-consent-sdk #onetrust-pc-btn-handler,
            #onetrust-consent-sdk #onetrust-pc-btn-handler.cookie-setting-link {
                color: #ffffff; border-color: #ffffff;
                background-color:
                #C8030F;
            }.ot-ven-hdr h3 {
  font-size: .99em !important;
}
.ot-ven-link, .ot-ven-legclaim-link {
    font-size: .99em !important;
}
.ot-acc-txt h4 {
    font-size: .99em !important;
}
.ot-acc-txt p {
    font-size: .99em !important; 
}#onetrust-pc-sdk.otPcCenter{overflow:hidden;position:fixed;margin:0 auto;top:5%;right:0;left:0;width:40%;max-width:575px;min-width:575px;border-radius:2.5px;z-index:2147483647;background-color:#fff;-webkit-box-shadow:0px 2px 10px -3px #999;-moz-box-shadow:0px 2px 10px -3px #999;box-shadow:0px 2px 10px -3px #999}#onetrust-pc-sdk.otPcCenter[dir=rtl]{right:0;left:0}#onetrust-pc-sdk.otRelFont{font-size:1rem}#onetrust-pc-sdk .ot-optout-signal{margin-top:.625rem}#onetrust-pc-sdk #ot-addtl-venlst .ot-arw-cntr,#onetrust-pc-sdk #ot-addtl-venlst .ot-plus-minus,#onetrust-pc-sdk .ot-hide-tgl{visibility:hidden}#onetrust-pc-sdk #ot-addtl-venlst .ot-arw-cntr *,#onetrust-pc-sdk #ot-addtl-venlst .ot-plus-minus *,#onetrust-pc-sdk .ot-hide-tgl *{visibility:hidden}#onetrust-pc-sdk #ot-gn-venlst .ot-ven-item .ot-acc-hdr{min-height:40px}#onetrust-pc-sdk .ot-pc-header{height:39px;padding:10px 0 10px 30px;border-bottom:1px solid #e9e9e9}#onetrust-pc-sdk #ot-pc-title,#onetrust-pc-sdk #ot-category-title,#onetrust-pc-sdk .ot-cat-header,#onetrust-pc-sdk #ot-lst-title,#onetrust-pc-sdk .ot-ven-hdr .ot-ven-name,#onetrust-pc-sdk .ot-always-active{font-weight:bold;color:dimgray}#onetrust-pc-sdk .ot-always-active-group .ot-cat-header{width:55%;font-weight:700}#onetrust-pc-sdk .ot-cat-item p{clear:both;float:left;margin-top:10px;margin-bottom:5px;line-height:1.5;font-size:.812em;color:dimgray}#onetrust-pc-sdk .ot-close-icon{height:44px;width:44px;background-size:10px}#onetrust-pc-sdk #ot-pc-title{float:left;font-size:1em;line-height:1.5;margin-bottom:10px;margin-top:10px;width:100%}#onetrust-pc-sdk #accept-recommended-btn-handler{margin-right:10px;margin-bottom:25px;outline-offset:-1px}#onetrust-pc-sdk #ot-pc-desc{clear:both;width:100%;font-size:.812em;line-height:1.5;margin-bottom:25px}#onetrust-pc-sdk #ot-pc-desc a{margin-left:5px}#onetrust-pc-sdk #ot-pc-desc *{font-size:inherit;line-height:inherit}#onetrust-pc-sdk #ot-pc-desc ul li{padding:10px 0px}#onetrust-pc-sdk a{color:#656565;cursor:pointer}#onetrust-pc-sdk a:hover{color:#3860be}#onetrust-pc-sdk label{margin-bottom:0}#onetrust-pc-sdk #vdr-lst-dsc{font-size:.812em;line-height:1.5;padding:10px 15px 5px 15px}#onetrust-pc-sdk button{max-width:394px;padding:12px 30px;line-height:1;word-break:break-word;word-wrap:break-word;white-space:normal;font-weight:bold;height:auto}#onetrust-pc-sdk .ot-link-btn{padding:0;margin-bottom:0;border:0;font-weight:normal;line-height:normal;width:auto;height:auto}#onetrust-pc-sdk #ot-pc-content{position:absolute;overflow-y:scroll;padding-left:0px;padding-right:30px;top:60px;bottom:110px;margin:1px 3px 0 30px;width:calc(100% - 63px)}#onetrust-pc-sdk .ot-vs-list .ot-always-active,#onetrust-pc-sdk .ot-cat-grp .ot-always-active{float:right;clear:none;color:#3860be;margin:0;font-size:.813em;line-height:1.3}#onetrust-pc-sdk .ot-pc-scrollbar::-webkit-scrollbar-track{margin-right:20px}#onetrust-pc-sdk .ot-pc-scrollbar::-webkit-scrollbar{width:11px}#onetrust-pc-sdk .ot-pc-scrollbar::-webkit-scrollbar-thumb{border-radius:10px;background:#d8d8d8}#onetrust-pc-sdk input[type=checkbox]:focus+.ot-acc-hdr{outline:#000 1px solid}#onetrust-pc-sdk .ot-pc-scrollbar{scrollbar-arrow-color:#d8d8d8;scrollbar-darkshadow-color:#d8d8d8;scrollbar-face-color:#d8d8d8;scrollbar-shadow-color:#d8d8d8}#onetrust-pc-sdk .save-preference-btn-handler{margin-right:20px}#onetrust-pc-sdk .ot-pc-refuse-all-handler{margin-right:10px}#onetrust-pc-sdk #ot-pc-desc .privacy-notice-link{margin-left:0;margin-right:8px}#onetrust-pc-sdk #ot-pc-desc .ot-imprint-handler{margin-left:0;margin-right:8px}#onetrust-pc-sdk .ot-subgrp-cntr{display:inline-block;clear:both;width:100%;padding-top:15px}#onetrust-pc-sdk .ot-switch+.ot-subgrp-cntr{padding-top:10px}#onetrust-pc-sdk ul.ot-subgrps{margin:0;font-size:initial}#onetrust-pc-sdk ul.ot-subgrps li p,#onetrust-pc-sdk ul.ot-subgrps li h5{font-size:.813em;line-height:1.4;color:dimgray}#onetrust-pc-sdk ul.ot-subgrps .ot-switch{min-height:auto}#onetrust-pc-sdk ul.ot-subgrps .ot-switch-nob{top:0}#onetrust-pc-sdk ul.ot-subgrps .ot-acc-hdr{display:inline-block;width:100%}#onetrust-pc-sdk ul.ot-subgrps .ot-acc-txt{margin:0}#onetrust-pc-sdk ul.ot-subgrps li{padding:0;border:none}#onetrust-pc-sdk ul.ot-subgrps li h5{position:relative;top:5px;font-weight:bold;margin-bottom:0;float:left}#onetrust-pc-sdk li.ot-subgrp{margin-left:20px;overflow:auto}#onetrust-pc-sdk li.ot-subgrp>h5{width:calc(100% - 100px)}#onetrust-pc-sdk .ot-cat-item p>ul,#onetrust-pc-sdk li.ot-subgrp p>ul{margin:0px;list-style:disc;margin-left:15px;font-size:inherit}#onetrust-pc-sdk .ot-cat-item p>ul li,#onetrust-pc-sdk li.ot-subgrp p>ul li{font-size:inherit;padding-top:10px;padding-left:0px;padding-right:0px;border:none}#onetrust-pc-sdk .ot-cat-item p>ul li:last-child,#onetrust-pc-sdk li.ot-subgrp p>ul li:last-child{padding-bottom:10px}#onetrust-pc-sdk .ot-pc-logo{height:40px;width:120px}#onetrust-pc-sdk .ot-pc-footer{position:absolute;bottom:0px;width:100%;max-height:160px;border-top:1px solid #d8d8d8}#onetrust-pc-sdk.ot-ftr-stacked .ot-pc-refuse-all-handler{margin-bottom:0px}#onetrust-pc-sdk.ot-ftr-stacked #ot-pc-content{bottom:160px}#onetrust-pc-sdk.ot-ftr-stacked .ot-pc-footer button{width:100%;max-width:none}#onetrust-pc-sdk.ot-ftr-stacked .ot-btn-container{margin:0 30px;width:calc(100% - 60px);padding-right:0}#onetrust-pc-sdk .ot-pc-footer-logo{height:30px;width:100%;text-align:right;background:#f4f4f4}#onetrust-pc-sdk .ot-pc-footer-logo a{display:inline-block;margin-top:5px;margin-right:10px}#onetrust-pc-sdk[dir=rtl] .ot-pc-footer-logo{direction:rtl}#onetrust-pc-sdk[dir=rtl] .ot-pc-footer-logo a{margin-right:25px}#onetrust-pc-sdk .ot-tgl{float:right;position:relative;z-index:1}#onetrust-pc-sdk .ot-tgl input:checked+.ot-switch .ot-switch-nob{background-color:#468254;border:1px solid #fff}#onetrust-pc-sdk .ot-tgl input:checked+.ot-switch .ot-switch-nob:before{-webkit-transform:translateX(20px);-ms-transform:translateX(20px);transform:translateX(20px);background-color:#fff;border-color:#fff}#onetrust-pc-sdk .ot-tgl input:focus+.ot-switch{outline:#000 solid 1px}#onetrust-pc-sdk .ot-switch{position:relative;display:inline-block;width:45px;height:25px}#onetrust-pc-sdk .ot-switch-nob{position:absolute;cursor:pointer;top:0;left:0;right:0;bottom:0;background-color:#767676;border:1px solid #ddd;transition:all .2s ease-in 0s;-moz-transition:all .2s ease-in 0s;-o-transition:all .2s ease-in 0s;-webkit-transition:all .2s ease-in 0s;border-radius:20px}#onetrust-pc-sdk .ot-switch-nob:before{position:absolute;content:"";height:18px;width:18px;bottom:3px;left:3px;background-color:#fff;-webkit-transition:.4s;transition:.4s;border-radius:20px}#onetrust-pc-sdk .ot-chkbox input:checked~label::before{background-color:#3860be}#onetrust-pc-sdk .ot-chkbox input+label::after{content:none;color:#fff}#onetrust-pc-sdk .ot-chkbox input:checked+label::after{content:""}#onetrust-pc-sdk .ot-chkbox input:focus+label::before{outline-style:solid;outline-width:2px;outline-style:auto}#onetrust-pc-sdk .ot-chkbox label{position:relative;display:inline-block;padding-left:30px;cursor:pointer;font-weight:500}#onetrust-pc-sdk .ot-chkbox label::before,#onetrust-pc-sdk .ot-chkbox label::after{position:absolute;content:"";display:inline-block;border-radius:3px}#onetrust-pc-sdk .ot-chkbox label::before{height:18px;width:18px;border:1px solid #3860be;left:0px;top:auto}#onetrust-pc-sdk .ot-chkbox label::after{height:5px;width:9px;border-left:3px solid;border-bottom:3px solid;transform:rotate(-45deg);-o-transform:rotate(-45deg);-ms-transform:rotate(-45deg);-webkit-transform:rotate(-45deg);left:4px;top:5px}#onetrust-pc-sdk .ot-label-txt{display:none}#onetrust-pc-sdk .ot-chkbox input,#onetrust-pc-sdk .ot-tgl input{position:absolute;opacity:0;width:0;height:0}#onetrust-pc-sdk .ot-arw-cntr{float:right;position:relative;pointer-events:none}#onetrust-pc-sdk .ot-arw-cntr .ot-arw{width:16px;height:16px;margin-left:5px;color:dimgray;display:inline-block;vertical-align:middle;-webkit-transition:all 150ms ease-in 0s;-moz-transition:all 150ms ease-in 0s;-o-transition:all 150ms ease-in 0s;transition:all 150ms ease-in 0s}#onetrust-pc-sdk input:checked~.ot-acc-hdr .ot-arw,#onetrust-pc-sdk button[aria-expanded=true]~.ot-acc-hdr .ot-arw-cntr svg{transform:rotate(90deg);-o-transform:rotate(90deg);-ms-transform:rotate(90deg);-webkit-transform:rotate(90deg)}#onetrust-pc-sdk input[type=checkbox]:focus+.ot-acc-hdr{outline:#000 1px solid}#onetrust-pc-sdk .ot-tgl-cntr,#onetrust-pc-sdk .ot-arw-cntr{display:inline-block}#onetrust-pc-sdk .ot-tgl-cntr{width:45px;float:right;margin-top:2px}#onetrust-pc-sdk #ot-lst-cnt .ot-tgl-cntr{margin-top:10px}#onetrust-pc-sdk .ot-always-active-subgroup{width:auto;padding-left:0px !important;top:3px;position:relative}#onetrust-pc-sdk .ot-label-status{padding-left:5px;font-size:.75em;display:none}#onetrust-pc-sdk .ot-arw-cntr{margin-top:-1px}#onetrust-pc-sdk .ot-arw-cntr svg{-webkit-transition:all 300ms ease-in 0s;-moz-transition:all 300ms ease-in 0s;-o-transition:all 300ms ease-in 0s;transition:all 300ms ease-in 0s;height:10px;width:10px}#onetrust-pc-sdk input:checked~.ot-acc-hdr .ot-arw{transform:rotate(90deg);-o-transform:rotate(90deg);-ms-transform:rotate(90deg);-webkit-transform:rotate(90deg)}#onetrust-pc-sdk .ot-arw{width:10px;margin-left:15px;transition:all 300ms ease-in 0s;-webkit-transition:all 300ms ease-in 0s;-moz-transition:all 300ms ease-in 0s;-o-transition:all 300ms ease-in 0s}#onetrust-pc-sdk .ot-vlst-cntr{margin-bottom:0}#onetrust-pc-sdk .ot-hlst-cntr{margin-top:5px;display:inline-block;width:100%}#onetrust-pc-sdk .category-vendors-list-handler,#onetrust-pc-sdk .category-vendors-list-handler+a,#onetrust-pc-sdk .category-host-list-handler{clear:both;color:#3860be;margin-left:0;font-size:.813em;text-decoration:none;float:left;overflow:hidden}#onetrust-pc-sdk .category-vendors-list-handler:hover,#onetrust-pc-sdk .category-vendors-list-handler+a:hover,#onetrust-pc-sdk .category-host-list-handler:hover{text-decoration-line:underline}#onetrust-pc-sdk .category-vendors-list-handler+a{clear:none}#onetrust-pc-sdk .ot-vlst-cntr .ot-ext-lnk,#onetrust-pc-sdk .ot-ven-hdr .ot-ext-lnk{display:inline-block;height:13px;width:13px;background-repeat:no-repeat;margin-left:1px;margin-top:6px;cursor:pointer}#onetrust-pc-sdk .ot-ven-hdr .ot-ext-lnk{margin-bottom:-1px}#onetrust-pc-sdk .back-btn-handler{font-size:1em;text-decoration:none}#onetrust-pc-sdk .back-btn-handler:hover{opacity:.6}#onetrust-pc-sdk #ot-lst-title h3{display:inline-block;word-break:break-word;word-wrap:break-word;margin-bottom:0;color:#656565;font-size:1em;font-weight:bold;margin-left:15px}#onetrust-pc-sdk #ot-lst-title{margin:10px 0 10px 0px;font-size:1em;text-align:left}#onetrust-pc-sdk #ot-pc-hdr{margin:0 0 0 30px;height:auto;width:auto}#onetrust-pc-sdk #ot-pc-hdr input::placeholder{color:#d4d4d4;font-style:italic}#onetrust-pc-sdk #vendor-search-handler{height:31px;width:100%;border-radius:50px;font-size:.8em;padding-right:35px;padding-left:15px;float:left;margin-left:15px}#onetrust-pc-sdk .ot-ven-name{display:block;width:auto;padding-right:5px}#onetrust-pc-sdk #ot-lst-cnt{overflow-y:auto;margin-left:20px;margin-right:7px;width:calc(100% - 27px);max-height:calc(100% - 80px);height:100%;transform:translate3d(0, 0, 0)}#onetrust-pc-sdk #ot-pc-lst{width:100%;bottom:100px;position:absolute;top:60px}#onetrust-pc-sdk #ot-pc-lst:not(.ot-enbl-chr) .ot-tgl-cntr .ot-arw-cntr,#onetrust-pc-sdk #ot-pc-lst:not(.ot-enbl-chr) .ot-tgl-cntr .ot-arw-cntr *{visibility:hidden}#onetrust-pc-sdk #ot-pc-lst .ot-tgl-cntr{right:12px;position:absolute}#onetrust-pc-sdk #ot-pc-lst .ot-arw-cntr{float:right;position:relative}#onetrust-pc-sdk #ot-pc-lst .ot-arw{margin-left:10px}#onetrust-pc-sdk #ot-pc-lst .ot-acc-hdr{overflow:hidden;cursor:pointer}#onetrust-pc-sdk .ot-vlst-cntr{overflow:hidden}#onetrust-pc-sdk #ot-sel-blk{overflow:hidden;width:100%;position:sticky;position:-webkit-sticky;top:0;z-index:3}#onetrust-pc-sdk #ot-back-arw{height:12px;width:12px}#onetrust-pc-sdk .ot-lst-subhdr{width:100%;display:inline-block}#onetrust-pc-sdk .ot-search-cntr{float:left;width:78%;position:relative}#onetrust-pc-sdk .ot-search-cntr>svg{width:30px;height:30px;position:absolute;float:left;right:-15px}#onetrust-pc-sdk .ot-fltr-cntr{float:right;right:50px;position:relative}#onetrust-pc-sdk #filter-btn-handler{background-color:#3860be;border-radius:17px;display:inline-block;position:relative;width:32px;height:32px;-moz-transition:.1s ease;-o-transition:.1s ease;-webkit-transition:1s ease;transition:.1s ease;padding:0;margin:0}#onetrust-pc-sdk #filter-btn-handler:hover{background-color:#3860be}#onetrust-pc-sdk #filter-btn-handler svg{width:12px;height:12px;margin:3px 10px 0 10px;display:block;position:static;right:auto;top:auto}#onetrust-pc-sdk .ot-ven-link,#onetrust-pc-sdk .ot-ven-legclaim-link{color:#3860be;text-decoration:none;font-weight:100;display:inline-block;padding-top:10px;transform:translate(0, 1%);-o-transform:translate(0, 1%);-ms-transform:translate(0, 1%);-webkit-transform:translate(0, 1%);position:relative;z-index:2}#onetrust-pc-sdk .ot-ven-link *,#onetrust-pc-sdk .ot-ven-legclaim-link *{font-size:inherit}#onetrust-pc-sdk .ot-ven-link:hover,#onetrust-pc-sdk .ot-ven-legclaim-link:hover{text-decoration:underline}#onetrust-pc-sdk .ot-ven-hdr{width:calc(100% - 160px);height:auto;float:left;word-break:break-word;word-wrap:break-word;vertical-align:middle;padding-bottom:3px}#onetrust-pc-sdk .ot-ven-link,#onetrust-pc-sdk .ot-ven-legclaim-link{letter-spacing:.03em;font-size:.75em;font-weight:400}#onetrust-pc-sdk .ot-ven-dets{border-radius:2px;background-color:#f8f8f8}#onetrust-pc-sdk .ot-ven-dets li:first-child p:first-child{border-top:none}#onetrust-pc-sdk .ot-ven-dets .ot-ven-disc:not(:first-child){border-top:1px solid #ddd !important}#onetrust-pc-sdk .ot-ven-dets .ot-ven-disc:nth-child(n+3) p{display:inline-block}#onetrust-pc-sdk .ot-ven-dets .ot-ven-disc:nth-child(n+3) p:nth-of-type(odd){width:30%}#onetrust-pc-sdk .ot-ven-dets .ot-ven-disc:nth-child(n+3) p:nth-of-type(even){width:50%;word-break:break-word;word-wrap:break-word}#onetrust-pc-sdk .ot-ven-dets .ot-ven-disc p,#onetrust-pc-sdk .ot-ven-dets .ot-ven-disc h5{padding-top:5px;padding-bottom:5px;display:block}#onetrust-pc-sdk .ot-ven-dets .ot-ven-disc h5{display:inline-block}#onetrust-pc-sdk .ot-ven-dets .ot-ven-disc p:nth-last-child(-n+1){padding-bottom:10px}#onetrust-pc-sdk .ot-ven-dets .ot-ven-disc p:nth-child(-n+2):not(.disc-pur){padding-top:10px}#onetrust-pc-sdk .ot-ven-dets .ot-ven-disc .disc-pur-cont{display:inline}#onetrust-pc-sdk .ot-ven-dets .ot-ven-disc .disc-pur{position:relative;width:50% !important;word-break:break-word;word-wrap:break-word;left:calc(30% + 17px)}#onetrust-pc-sdk .ot-ven-dets .ot-ven-disc .disc-pur:nth-child(-n+1){position:static}#onetrust-pc-sdk .ot-ven-dets p,#onetrust-pc-sdk .ot-ven-dets h5,#onetrust-pc-sdk .ot-ven-dets span{font-size:.69em;text-align:left;vertical-align:middle;word-break:break-word;word-wrap:break-word;margin:0;padding-bottom:10px;padding-left:15px;color:#2e3644}#onetrust-pc-sdk .ot-ven-dets h5{padding-top:5px}#onetrust-pc-sdk .ot-ven-dets span{color:dimgray;padding:0;vertical-align:baseline}#onetrust-pc-sdk .ot-ven-dets .ot-ven-pur h5{border-top:1px solid #e9e9e9;border-bottom:1px solid #e9e9e9;padding-bottom:5px;margin-bottom:5px;font-weight:bold}#onetrust-pc-sdk #ot-host-lst .ot-sel-all{float:right;position:relative;margin-right:42px;top:10px}#onetrust-pc-sdk #ot-host-lst .ot-sel-all input[type=checkbox]{width:auto;height:auto}#onetrust-pc-sdk #ot-host-lst .ot-sel-all label{height:20px;width:20px;padding-left:0px}#onetrust-pc-sdk #ot-host-lst .ot-acc-txt{overflow:hidden;width:95%}#onetrust-pc-sdk .ot-host-hdr{position:relative;z-index:1;pointer-events:none;width:calc(100% - 125px);float:left}#onetrust-pc-sdk .ot-host-name,#onetrust-pc-sdk .ot-host-desc{display:inline-block;width:90%}#onetrust-pc-sdk .ot-host-name{pointer-events:none}#onetrust-pc-sdk .ot-host-hdr>a{text-decoration:underline;font-size:.82em;position:relative;z-index:2;float:left;margin-bottom:5px;pointer-events:initial}#onetrust-pc-sdk .ot-host-name+a{margin-top:5px}#onetrust-pc-sdk .ot-host-name,#onetrust-pc-sdk .ot-host-name a,#onetrust-pc-sdk .ot-host-desc,#onetrust-pc-sdk .ot-host-info{color:dimgray;word-break:break-word;word-wrap:break-word}#onetrust-pc-sdk .ot-host-name,#onetrust-pc-sdk .ot-host-name a{font-weight:bold;font-size:.82em;line-height:1.3}#onetrust-pc-sdk .ot-host-name a{font-size:1em}#onetrust-pc-sdk .ot-host-expand{margin-top:3px;margin-bottom:3px;clear:both;display:block;color:#3860be;font-size:.72em;font-weight:normal}#onetrust-pc-sdk .ot-host-expand *{font-size:inherit}#onetrust-pc-sdk .ot-host-desc,#onetrust-pc-sdk .ot-host-info{font-size:.688em;line-height:1.4;font-weight:normal}#onetrust-pc-sdk .ot-host-desc{margin-top:10px}#onetrust-pc-sdk .ot-host-opt{margin:0;font-size:inherit;display:inline-block;width:100%}#onetrust-pc-sdk .ot-host-opt li>div div{font-size:.8em;padding:5px 0}#onetrust-pc-sdk .ot-host-opt li>div div:nth-child(1){width:30%;float:left}#onetrust-pc-sdk .ot-host-opt li>div div:nth-child(2){width:70%;float:left;word-break:break-word;word-wrap:break-word}#onetrust-pc-sdk .ot-host-info{border:none;display:inline-block;width:calc(100% - 10px);padding:10px;margin-bottom:10px;background-color:#f8f8f8}#onetrust-pc-sdk .ot-host-info>div{overflow:auto}#onetrust-pc-sdk #no-results{text-align:center;margin-top:30px}#onetrust-pc-sdk #no-results p{font-size:1em;color:#2e3644;word-break:break-word;word-wrap:break-word}#onetrust-pc-sdk #no-results p span{font-weight:bold}#onetrust-pc-sdk #ot-fltr-modal{width:100%;height:auto;display:none;-moz-transition:.2s ease;-o-transition:.2s ease;-webkit-transition:2s ease;transition:.2s ease;overflow:hidden;opacity:1;right:0}#onetrust-pc-sdk #ot-fltr-modal .ot-label-txt{display:inline-block;font-size:.85em;color:dimgray}#onetrust-pc-sdk #ot-fltr-cnt{z-index:2147483646;background-color:#fff;position:absolute;height:90%;max-height:300px;width:325px;left:210px;margin-top:10px;margin-bottom:20px;padding-right:10px;border-radius:3px;-webkit-box-shadow:0px 0px 12px 2px #c7c5c7;-moz-box-shadow:0px 0px 12px 2px #c7c5c7;box-shadow:0px 0px 12px 2px #c7c5c7}#onetrust-pc-sdk .ot-fltr-scrlcnt{overflow-y:auto;overflow-x:hidden;clear:both;max-height:calc(100% - 60px)}#onetrust-pc-sdk #ot-anchor{border:12px solid rgba(0,0,0,0);display:none;position:absolute;z-index:2147483647;right:55px;top:75px;transform:rotate(45deg);-o-transform:rotate(45deg);-ms-transform:rotate(45deg);-webkit-transform:rotate(45deg);background-color:#fff;-webkit-box-shadow:-3px -3px 5px -2px #c7c5c7;-moz-box-shadow:-3px -3px 5px -2px #c7c5c7;box-shadow:-3px -3px 5px -2px #c7c5c7}#onetrust-pc-sdk .ot-fltr-btns{margin-left:15px}#onetrust-pc-sdk #filter-apply-handler{margin-right:15px}#onetrust-pc-sdk .ot-fltr-opt{margin-bottom:25px;margin-left:15px;width:75%;position:relative}#onetrust-pc-sdk .ot-fltr-opt p{display:inline-block;margin:0;font-size:.9em;color:#2e3644}#onetrust-pc-sdk .ot-chkbox label span{font-size:.85em;color:dimgray}#onetrust-pc-sdk .ot-chkbox input[type=checkbox]+label::after{content:none;color:#fff}#onetrust-pc-sdk .ot-chkbox input[type=checkbox]:checked+label::after{content:""}#onetrust-pc-sdk .ot-chkbox input[type=checkbox]:focus+label::before{outline-style:solid;outline-width:2px;outline-style:auto}#onetrust-pc-sdk #ot-selall-vencntr,#onetrust-pc-sdk #ot-selall-adtlvencntr,#onetrust-pc-sdk #ot-selall-hostcntr,#onetrust-pc-sdk #ot-selall-licntr,#onetrust-pc-sdk #ot-selall-gnvencntr{right:15px;position:relative;width:20px;height:20px;float:right}#onetrust-pc-sdk #ot-selall-vencntr label,#onetrust-pc-sdk #ot-selall-adtlvencntr label,#onetrust-pc-sdk #ot-selall-hostcntr label,#onetrust-pc-sdk #ot-selall-licntr label,#onetrust-pc-sdk #ot-selall-gnvencntr label{float:left;padding-left:0}#onetrust-pc-sdk #ot-ven-lst:first-child{border-top:1px solid #e2e2e2}#onetrust-pc-sdk ul{list-style:none;padding:0}#onetrust-pc-sdk ul li{position:relative;margin:0;padding:15px 15px 15px 10px;border-bottom:1px solid #e2e2e2}#onetrust-pc-sdk ul li h3,#onetrust-pc-sdk ul li h4{font-size:.75em;color:#656565;margin:0;display:inline-block;width:70%;height:auto;word-break:break-word;word-wrap:break-word}#onetrust-pc-sdk ul li p{margin:0;font-size:.7em}#onetrust-pc-sdk ul li input[type=checkbox]{position:absolute;cursor:pointer;width:100%;height:100%;opacity:0;margin:0;top:0;left:0}#onetrust-pc-sdk .ot-cat-item>button:focus,#onetrust-pc-sdk .ot-acc-cntr>button:focus,#onetrust-pc-sdk li>button:focus{outline:#000 solid 2px}#onetrust-pc-sdk .ot-cat-item>button,#onetrust-pc-sdk .ot-acc-cntr>button,#onetrust-pc-sdk li>button{position:absolute;cursor:pointer;width:100%;height:100%;margin:0;top:0;left:0;z-index:1;max-width:none;border:none}#onetrust-pc-sdk .ot-cat-item>button[aria-expanded=false]~.ot-acc-txt,#onetrust-pc-sdk .ot-acc-cntr>button[aria-expanded=false]~.ot-acc-txt,#onetrust-pc-sdk li>button[aria-expanded=false]~.ot-acc-txt{margin-top:0;max-height:0;opacity:0;overflow:hidden;width:100%;transition:.25s ease-out;display:none}#onetrust-pc-sdk .ot-cat-item>button[aria-expanded=true]~.ot-acc-txt,#onetrust-pc-sdk .ot-acc-cntr>button[aria-expanded=true]~.ot-acc-txt,#onetrust-pc-sdk li>button[aria-expanded=true]~.ot-acc-txt{transition:.1s ease-in;margin-top:10px;width:100%;overflow:auto;display:block}#onetrust-pc-sdk .ot-cat-item>button[aria-expanded=true]~.ot-acc-grpcntr,#onetrust-pc-sdk .ot-acc-cntr>button[aria-expanded=true]~.ot-acc-grpcntr,#onetrust-pc-sdk li>button[aria-expanded=true]~.ot-acc-grpcntr{width:auto;margin-top:0px;padding-bottom:10px}#onetrust-pc-sdk .ot-host-item>button:focus,#onetrust-pc-sdk .ot-ven-item>button:focus{outline:0;border:2px solid #000}#onetrust-pc-sdk .ot-hide-acc>button{pointer-events:none}#onetrust-pc-sdk .ot-hide-acc .ot-plus-minus>*,#onetrust-pc-sdk .ot-hide-acc .ot-arw-cntr>*{visibility:hidden}#onetrust-pc-sdk .ot-hide-acc .ot-acc-hdr{min-height:30px}#onetrust-pc-sdk.ot-addtl-vendors #ot-lst-cnt:not(.ot-host-cnt){padding-right:10px;width:calc(100% - 37px);margin-top:10px;max-height:calc(100% - 90px)}#onetrust-pc-sdk.ot-addtl-vendors #ot-lst-cnt:not(.ot-host-cnt) #ot-sel-blk{background-color:#f9f9fc;border:1px solid #e2e2e2;width:calc(100% - 2px);padding-bottom:5px;padding-top:5px}#onetrust-pc-sdk.ot-addtl-vendors #ot-lst-cnt:not(.ot-host-cnt) #ot-sel-blk.ot-vnd-list-cnt{border:unset;background-color:unset}#onetrust-pc-sdk.ot-addtl-vendors #ot-lst-cnt:not(.ot-host-cnt) #ot-sel-blk.ot-vnd-list-cnt .ot-sel-all-hdr{display:none}#onetrust-pc-sdk.ot-addtl-vendors #ot-lst-cnt:not(.ot-host-cnt) #ot-sel-blk.ot-vnd-list-cnt .ot-sel-all{padding-right:.5rem}#onetrust-pc-sdk.ot-addtl-vendors #ot-lst-cnt:not(.ot-host-cnt) #ot-sel-blk.ot-vnd-list-cnt .ot-sel-all .ot-chkbox{right:0}#onetrust-pc-sdk.ot-addtl-vendors #ot-lst-cnt:not(.ot-host-cnt) .ot-sel-all{padding-right:34px}#onetrust-pc-sdk.ot-addtl-vendors #ot-lst-cnt:not(.ot-host-cnt) .ot-sel-all-chkbox{width:auto}#onetrust-pc-sdk.ot-addtl-vendors #ot-lst-cnt:not(.ot-host-cnt) ul li{border:1px solid #e2e2e2;margin-bottom:10px}#onetrust-pc-sdk.ot-addtl-vendors #ot-lst-cnt:not(.ot-host-cnt) .ot-acc-cntr>.ot-acc-hdr{padding:10px 0 10px 15px}#onetrust-pc-sdk.ot-addtl-vendors .ot-sel-all-chkbox{float:right}#onetrust-pc-sdk.ot-addtl-vendors .ot-plus-minus~.ot-sel-all-chkbox{right:34px}#onetrust-pc-sdk.ot-addtl-vendors #ot-ven-lst:first-child{border-top:none}#onetrust-pc-sdk .ot-acc-cntr{position:relative;border-left:1px solid #e2e2e2;border-right:1px solid #e2e2e2;border-bottom:1px solid #e2e2e2}#onetrust-pc-sdk .ot-acc-cntr input{z-index:1}#onetrust-pc-sdk .ot-acc-cntr>.ot-acc-hdr{background-color:#f9f9fc;padding:5px 0 5px 15px;width:auto}#onetrust-pc-sdk .ot-acc-cntr>.ot-acc-hdr .ot-plus-minus{vertical-align:middle;top:auto}#onetrust-pc-sdk .ot-acc-cntr>.ot-acc-hdr .ot-arw-cntr{right:10px}#onetrust-pc-sdk .ot-acc-cntr>.ot-acc-hdr input{z-index:2}#onetrust-pc-sdk .ot-acc-cntr.ot-add-tech .ot-acc-hdr{padding:10px 0 10px 15px}#onetrust-pc-sdk .ot-acc-cntr>input[type=checkbox]:checked~.ot-acc-hdr{border-bottom:1px solid #e2e2e2}#onetrust-pc-sdk .ot-acc-cntr>.ot-acc-txt{padding-left:10px;padding-right:10px}#onetrust-pc-sdk .ot-acc-cntr button[aria-expanded=true]~.ot-acc-txt{width:auto}#onetrust-pc-sdk .ot-acc-cntr .ot-addtl-venbox{display:none}#onetrust-pc-sdk .ot-vlst-cntr{margin-bottom:0;width:100%}#onetrust-pc-sdk .ot-vensec-title{font-size:.813em;vertical-align:middle;display:inline-block}#onetrust-pc-sdk .category-vendors-list-handler,#onetrust-pc-sdk .category-vendors-list-handler+a{margin-left:0;margin-top:10px}#onetrust-pc-sdk #ot-selall-vencntr.line-through label::after,#onetrust-pc-sdk #ot-selall-adtlvencntr.line-through label::after,#onetrust-pc-sdk #ot-selall-licntr.line-through label::after,#onetrust-pc-sdk #ot-selall-hostcntr.line-through label::after,#onetrust-pc-sdk #ot-selall-gnvencntr.line-through label::after{height:auto;border-left:0;transform:none;-o-transform:none;-ms-transform:none;-webkit-transform:none;left:5px;top:9px}#onetrust-pc-sdk #ot-category-title{float:left;padding-bottom:10px;font-size:1em;width:100%}#onetrust-pc-sdk .ot-cat-grp{margin-top:10px}#onetrust-pc-sdk .ot-cat-item{line-height:1.1;margin-top:10px;display:inline-block;width:100%}#onetrust-pc-sdk .ot-btn-container{text-align:right}#onetrust-pc-sdk .ot-btn-container button{display:inline-block;font-size:.75em;letter-spacing:.08em;margin-top:19px}#onetrust-pc-sdk #close-pc-btn-handler.ot-close-icon{position:absolute;top:10px;right:0;z-index:1;padding:0;background-color:rgba(0,0,0,0);border:none}#onetrust-pc-sdk #close-pc-btn-handler.ot-close-icon svg{display:block;height:10px;width:10px}#onetrust-pc-sdk #clear-filters-handler{margin-top:20px;margin-bottom:10px;float:right;max-width:200px;text-decoration:none;color:#3860be;font-size:.9em;font-weight:bold;background-color:rgba(0,0,0,0);border-color:rgba(0,0,0,0);padding:1px}#onetrust-pc-sdk #clear-filters-handler:hover{color:#2285f7}#onetrust-pc-sdk #clear-filters-handler:focus{outline:#000 solid 1px}#onetrust-pc-sdk .ot-enbl-chr h4~.ot-tgl,#onetrust-pc-sdk .ot-enbl-chr h4~.ot-always-active{right:45px}#onetrust-pc-sdk .ot-enbl-chr h4~.ot-tgl+.ot-tgl{right:120px}#onetrust-pc-sdk .ot-enbl-chr .ot-pli-hdr.ot-leg-border-color span:first-child{width:90px}#onetrust-pc-sdk .ot-enbl-chr li.ot-subgrp>h5+.ot-tgl-cntr{padding-right:25px}#onetrust-pc-sdk .ot-plus-minus{width:20px;height:20px;font-size:1.5em;position:relative;display:inline-block;margin-right:5px;top:3px}#onetrust-pc-sdk .ot-plus-minus span{position:absolute;background:#27455c;border-radius:1px}#onetrust-pc-sdk .ot-plus-minus span:first-of-type{top:25%;bottom:25%;width:10%;left:45%}#onetrust-pc-sdk .ot-plus-minus span:last-of-type{left:25%;right:25%;height:10%;top:45%}#onetrust-pc-sdk button[aria-expanded=true]~.ot-acc-hdr .ot-arw,#onetrust-pc-sdk button[aria-expanded=true]~.ot-acc-hdr .ot-plus-minus span:first-of-type,#onetrust-pc-sdk button[aria-expanded=true]~.ot-acc-hdr .ot-plus-minus span:last-of-type{transform:rotate(90deg)}#onetrust-pc-sdk button[aria-expanded=true]~.ot-acc-hdr .ot-plus-minus span:last-of-type{left:50%;right:50%}#onetrust-pc-sdk #ot-selall-vencntr label,#onetrust-pc-sdk #ot-selall-adtlvencntr label,#onetrust-pc-sdk #ot-selall-hostcntr label,#onetrust-pc-sdk #ot-selall-licntr label{position:relative;display:inline-block;width:20px;height:20px}#onetrust-pc-sdk .ot-host-item .ot-plus-minus,#onetrust-pc-sdk .ot-ven-item .ot-plus-minus{float:left;margin-right:8px;top:10px}#onetrust-pc-sdk .ot-ven-item ul{list-style:none inside;font-size:100%;margin:0}#onetrust-pc-sdk .ot-ven-item ul li{margin:0 !important;padding:0;border:none !important}#onetrust-pc-sdk .ot-pli-hdr{color:#77808e;overflow:hidden;padding-top:7.5px;padding-bottom:7.5px;width:calc(100% - 2px);border-top-left-radius:3px;border-top-right-radius:3px}#onetrust-pc-sdk .ot-pli-hdr span:first-child{top:50%;transform:translateY(50%);max-width:90px}#onetrust-pc-sdk .ot-pli-hdr span:last-child{padding-right:10px;max-width:95px;text-align:center}#onetrust-pc-sdk .ot-li-title{float:right;font-size:.813em}#onetrust-pc-sdk .ot-pli-hdr.ot-leg-border-color{background-color:#f4f4f4;border:1px solid #d8d8d8}#onetrust-pc-sdk .ot-pli-hdr.ot-leg-border-color span:first-child{text-align:left;width:70px}#onetrust-pc-sdk li.ot-subgrp>h5,#onetrust-pc-sdk .ot-cat-header{width:calc(100% - 130px)}#onetrust-pc-sdk li.ot-subgrp>h5+.ot-tgl-cntr{padding-left:13px}#onetrust-pc-sdk .ot-acc-grpcntr .ot-acc-grpdesc{margin-bottom:5px}#onetrust-pc-sdk .ot-acc-grpcntr .ot-subgrp-cntr{border-top:1px solid #d8d8d8}#onetrust-pc-sdk .ot-acc-grpcntr .ot-vlst-cntr+.ot-subgrp-cntr{border-top:none}#onetrust-pc-sdk .ot-acc-hdr .ot-arw-cntr+.ot-tgl-cntr,#onetrust-pc-sdk .ot-acc-txt h4+.ot-tgl-cntr{padding-left:13px}#onetrust-pc-sdk .ot-pli-hdr~.ot-cat-item .ot-subgrp>h5,#onetrust-pc-sdk .ot-pli-hdr~.ot-cat-item .ot-cat-header{width:calc(100% - 145px)}#onetrust-pc-sdk .ot-pli-hdr~.ot-cat-item h5+.ot-tgl-cntr,#onetrust-pc-sdk .ot-pli-hdr~.ot-cat-item .ot-cat-header+.ot-tgl{padding-left:28px}#onetrust-pc-sdk .ot-sel-all-hdr,#onetrust-pc-sdk .ot-sel-all-chkbox{display:inline-block;width:100%;position:relative}#onetrust-pc-sdk .ot-sel-all-chkbox{z-index:1}#onetrust-pc-sdk .ot-sel-all{margin:0;position:relative;padding-right:23px;float:right}#onetrust-pc-sdk .ot-consent-hdr,#onetrust-pc-sdk .ot-li-hdr{float:right;font-size:.812em;line-height:normal;text-align:center;word-break:break-word;word-wrap:break-word}#onetrust-pc-sdk .ot-li-hdr{max-width:100px;padding-right:10px}#onetrust-pc-sdk .ot-consent-hdr{max-width:55px}#onetrust-pc-sdk #ot-selall-licntr{display:block;width:21px;height:auto;float:right;position:relative;right:80px}#onetrust-pc-sdk #ot-selall-licntr label{position:absolute}#onetrust-pc-sdk .ot-ven-ctgl{margin-left:66px}#onetrust-pc-sdk .ot-ven-litgl+.ot-arw-cntr{margin-left:81px}#onetrust-pc-sdk .ot-enbl-chr .ot-host-cnt .ot-tgl-cntr{width:auto}#onetrust-pc-sdk #ot-lst-cnt:not(.ot-host-cnt) .ot-tgl-cntr{width:auto;top:auto;height:20px}#onetrust-pc-sdk #ot-lst-cnt .ot-chkbox{position:relative;display:inline-block;width:20px;height:20px}#onetrust-pc-sdk #ot-lst-cnt .ot-chkbox label{position:absolute;padding:0;width:20px;height:20px}#onetrust-pc-sdk #ot-lst-cnt .ot-vnd-info-cntr{border:1px solid #d8d8d8;padding:.75rem 2rem;padding-bottom:0;width:auto;margin-top:.5rem}#onetrust-pc-sdk .ot-acc-grpdesc+.ot-leg-btn-container{padding-left:20px;padding-right:20px;width:calc(100% - 40px);margin-bottom:5px}#onetrust-pc-sdk .ot-subgrp .ot-leg-btn-container{margin-bottom:5px}#onetrust-pc-sdk #ot-ven-lst .ot-leg-btn-container{margin-top:10px}#onetrust-pc-sdk .ot-leg-btn-container{display:inline-block;width:100%;margin-bottom:10px}#onetrust-pc-sdk .ot-leg-btn-container button{height:auto;padding:6.5px 8px;margin-bottom:0;letter-spacing:0;font-size:.75em;line-height:normal}#onetrust-pc-sdk .ot-leg-btn-container svg{display:none;height:14px;width:14px;padding-right:5px;vertical-align:sub}#onetrust-pc-sdk .ot-active-leg-btn{cursor:default;pointer-events:none}#onetrust-pc-sdk .ot-active-leg-btn svg{display:inline-block}#onetrust-pc-sdk .ot-remove-objection-handler{text-decoration:underline;padding:0;font-size:.75em;font-weight:600;line-height:1;padding-left:10px}#onetrust-pc-sdk .ot-obj-leg-btn-handler span{font-weight:bold;text-align:center;font-size:inherit;line-height:1.5}#onetrust-pc-sdk.ot-close-btn-link #close-pc-btn-handler{border:none;height:auto;line-height:1.5;text-decoration:underline;font-size:.69em;background:none;right:15px;top:15px;width:auto;font-weight:normal}#onetrust-pc-sdk .ot-pgph-link{font-size:.813em !important;margin-top:5px;position:relative}#onetrust-pc-sdk .ot-pgph-link.ot-pgph-link-subgroup{margin-bottom:1rem}#onetrust-pc-sdk .ot-pgph-contr{margin:0 2.5rem}#onetrust-pc-sdk .ot-pgph-title{font-size:1.18rem;margin-bottom:2rem}#onetrust-pc-sdk .ot-pgph-desc{font-size:1rem;font-weight:400;margin-bottom:2rem;line-height:1.5rem}#onetrust-pc-sdk .ot-pgph-desc:not(:last-child):after{content:"";width:96%;display:block;margin:0 auto;padding-bottom:2rem;border-bottom:1px solid #e9e9e9}#onetrust-pc-sdk .ot-cat-header{float:left;font-weight:600;font-size:.875em;line-height:1.5;max-width:90%;vertical-align:middle}#onetrust-pc-sdk .ot-vnd-item>button:focus{outline:#000 solid 2px}#onetrust-pc-sdk .ot-vnd-item>button{position:absolute;cursor:pointer;width:100%;height:100%;margin:0;top:0;left:0;z-index:1;max-width:none;border:none}#onetrust-pc-sdk .ot-vnd-item>button[aria-expanded=false]~.ot-acc-txt{margin-top:0;max-height:0;opacity:0;overflow:hidden;width:100%;transition:.25s ease-out;display:none}#onetrust-pc-sdk .ot-vnd-item>button[aria-expanded=true]~.ot-acc-txt{transition:.1s ease-in;margin-top:10px;width:100%;overflow:auto;display:block}#onetrust-pc-sdk .ot-vnd-item>button[aria-expanded=true]~.ot-acc-grpcntr{width:auto;margin-top:0px;padding-bottom:10px}#onetrust-pc-sdk .ot-accordion-layout.ot-cat-item{position:relative;border-radius:2px;margin:0;padding:0;border:1px solid #d8d8d8;border-top:none;width:calc(100% - 2px);float:left}#onetrust-pc-sdk .ot-accordion-layout.ot-cat-item:first-of-type{margin-top:10px;border-top:1px solid #d8d8d8}#onetrust-pc-sdk .ot-accordion-layout .ot-acc-grpdesc{padding-left:20px;padding-right:20px;width:calc(100% - 40px);font-size:.812em;margin-bottom:10px;margin-top:15px}#onetrust-pc-sdk .ot-accordion-layout .ot-acc-grpdesc>ul{padding-top:10px}#onetrust-pc-sdk .ot-accordion-layout .ot-acc-grpdesc>ul li{padding-top:0;line-height:1.5;padding-bottom:10px}#onetrust-pc-sdk .ot-accordion-layout div+.ot-acc-grpdesc{margin-top:5px}#onetrust-pc-sdk .ot-accordion-layout .ot-vlst-cntr:first-child{margin-top:10px}#onetrust-pc-sdk .ot-accordion-layout .ot-vlst-cntr:last-child,#onetrust-pc-sdk .ot-accordion-layout .ot-hlst-cntr:last-child{margin-bottom:5px}#onetrust-pc-sdk .ot-accordion-layout .ot-acc-hdr{padding-top:11.5px;padding-bottom:11.5px;padding-left:20px;padding-right:20px;width:calc(100% - 40px);display:inline-block}#onetrust-pc-sdk .ot-accordion-layout .ot-acc-txt{width:100%;padding:0}#onetrust-pc-sdk .ot-accordion-layout .ot-subgrp-cntr{padding-left:20px;padding-right:15px;padding-bottom:0;width:calc(100% - 35px)}#onetrust-pc-sdk .ot-accordion-layout .ot-subgrp{padding-right:5px}#onetrust-pc-sdk .ot-accordion-layout .ot-acc-grpcntr{z-index:1;position:relative}#onetrust-pc-sdk .ot-accordion-layout .ot-cat-header+.ot-arw-cntr{position:absolute;top:50%;transform:translateY(-50%);right:20px;margin-top:-2px}#onetrust-pc-sdk .ot-accordion-layout .ot-cat-header+.ot-arw-cntr .ot-arw{width:15px;height:20px;margin-left:5px;color:dimgray}#onetrust-pc-sdk .ot-accordion-layout .ot-cat-header{float:none;color:#2e3644;margin:0;display:inline-block;height:auto;word-wrap:break-word;min-height:inherit}#onetrust-pc-sdk .ot-accordion-layout .ot-vlst-cntr,#onetrust-pc-sdk .ot-accordion-layout .ot-hlst-cntr{padding-left:20px;width:calc(100% - 20px);display:inline-block;margin-top:0;padding-bottom:2px}#onetrust-pc-sdk .ot-accordion-layout .ot-acc-hdr{position:relative;min-height:25px}#onetrust-pc-sdk .ot-accordion-layout h4~.ot-tgl,#onetrust-pc-sdk .ot-accordion-layout h4~.ot-always-active{position:absolute;top:50%;transform:translateY(-50%);right:20px}#onetrust-pc-sdk .ot-accordion-layout h4~.ot-tgl+.ot-tgl{right:95px}#onetrust-pc-sdk .ot-accordion-layout .category-vendors-list-handler,#onetrust-pc-sdk .ot-accordion-layout .category-vendors-list-handler+a{margin-top:5px}#onetrust-pc-sdk #ot-lst-cnt{margin-top:1rem;max-height:calc(100% - 96px)}#onetrust-pc-sdk #ot-lst-cnt .ot-vnd-info-cntr{border:1px solid #d8d8d8;padding:.75rem 2rem;padding-bottom:0;width:auto;margin-top:.5rem}#onetrust-pc-sdk #ot-lst-cnt .ot-vnd-info{margin-bottom:1rem;padding-left:.75rem;padding-right:.75rem;display:flex;flex-direction:column}#onetrust-pc-sdk #ot-lst-cnt .ot-vnd-info[data-vnd-info-key*=DPOEmail]{border-top:1px solid #d8d8d8;padding-top:1rem}#onetrust-pc-sdk #ot-lst-cnt .ot-vnd-info[data-vnd-info-key*=DPOLink]{border-bottom:1px solid #d8d8d8;padding-bottom:1rem}#onetrust-pc-sdk #ot-lst-cnt .ot-vnd-info .ot-vnd-lbl{font-weight:bold;font-size:.85em;margin-bottom:.5rem}#onetrust-pc-sdk #ot-lst-cnt .ot-vnd-info .ot-vnd-cnt{margin-left:.5rem;font-weight:500;font-size:.85rem}#onetrust-pc-sdk .ot-vs-list,#onetrust-pc-sdk .ot-vnd-serv{width:auto;padding:1rem 1.25rem;padding-bottom:0}#onetrust-pc-sdk .ot-vs-list .ot-vnd-serv-hdr-cntr,#onetrust-pc-sdk .ot-vnd-serv .ot-vnd-serv-hdr-cntr{padding-bottom:.75rem;border-bottom:1px solid #d8d8d8}#onetrust-pc-sdk .ot-vs-list .ot-vnd-serv-hdr-cntr .ot-vnd-serv-hdr,#onetrust-pc-sdk .ot-vnd-serv .ot-vnd-serv-hdr-cntr .ot-vnd-serv-hdr{font-weight:600;font-size:.95em;line-height:2;margin-left:.5rem}#onetrust-pc-sdk .ot-vs-list .ot-vnd-item,#onetrust-pc-sdk .ot-vnd-serv .ot-vnd-item{border:none;margin:0;padding:0}#onetrust-pc-sdk .ot-vs-list .ot-vnd-item button,#onetrust-pc-sdk .ot-vnd-serv .ot-vnd-item button{outline:none;border-bottom:1px solid #d8d8d8}#onetrust-pc-sdk .ot-vs-list .ot-vnd-item button[aria-expanded=true],#onetrust-pc-sdk .ot-vnd-serv .ot-vnd-item button[aria-expanded=true]{border-bottom:none}#onetrust-pc-sdk .ot-vs-list .ot-vnd-item:first-child,#onetrust-pc-sdk .ot-vnd-serv .ot-vnd-item:first-child{margin-top:.25rem;border-top:unset}#onetrust-pc-sdk .ot-vs-list .ot-vnd-item:last-child,#onetrust-pc-sdk .ot-vnd-serv .ot-vnd-item:last-child{margin-bottom:.5rem}#onetrust-pc-sdk .ot-vs-list .ot-vnd-item:last-child button,#onetrust-pc-sdk .ot-vnd-serv .ot-vnd-item:last-child button{border-bottom:none}#onetrust-pc-sdk .ot-vs-list .ot-vnd-item .ot-vnd-info-cntr,#onetrust-pc-sdk .ot-vnd-serv .ot-vnd-item .ot-vnd-info-cntr{border:1px solid #d8d8d8;padding:.75rem 1.75rem;padding-bottom:0;width:auto;margin-top:.5rem}#onetrust-pc-sdk .ot-vs-list .ot-vnd-item .ot-vnd-info,#onetrust-pc-sdk .ot-vnd-serv .ot-vnd-item .ot-vnd-info{margin-bottom:1rem;padding-left:.75rem;padding-right:.75rem;display:flex;flex-direction:column}#onetrust-pc-sdk .ot-vs-list .ot-vnd-item .ot-vnd-info[data-vnd-info-key*=DPOEmail],#onetrust-pc-sdk .ot-vnd-serv .ot-vnd-item .ot-vnd-info[data-vnd-info-key*=DPOEmail]{border-top:1px solid #d8d8d8;padding-top:1rem}#onetrust-pc-sdk .ot-vs-list .ot-vnd-item .ot-vnd-info[data-vnd-info-key*=DPOLink],#onetrust-pc-sdk .ot-vnd-serv .ot-vnd-item .ot-vnd-info[data-vnd-info-key*=DPOLink]{border-bottom:1px solid #d8d8d8;padding-bottom:1rem}#onetrust-pc-sdk .ot-vs-list .ot-vnd-item .ot-vnd-info .ot-vnd-lbl,#onetrust-pc-sdk .ot-vnd-serv .ot-vnd-item .ot-vnd-info .ot-vnd-lbl{font-weight:bold;font-size:.85em;margin-bottom:.5rem}#onetrust-pc-sdk .ot-vs-list .ot-vnd-item .ot-vnd-info .ot-vnd-cnt,#onetrust-pc-sdk .ot-vnd-serv .ot-vnd-item .ot-vnd-info .ot-vnd-cnt{margin-left:.5rem;font-weight:500;font-size:.85rem}#onetrust-pc-sdk .ot-vs-list.ot-vnd-subgrp-cnt,#onetrust-pc-sdk .ot-vnd-serv.ot-vnd-subgrp-cnt{padding-left:40px}#onetrust-pc-sdk .ot-vs-list.ot-vnd-subgrp-cnt .ot-vnd-serv-hdr-cntr .ot-vnd-serv-hdr,#onetrust-pc-sdk .ot-vnd-serv.ot-vnd-subgrp-cnt .ot-vnd-serv-hdr-cntr .ot-vnd-serv-hdr{font-size:.8em}#onetrust-pc-sdk .ot-vs-list.ot-vnd-subgrp-cnt .ot-cat-header,#onetrust-pc-sdk .ot-vnd-serv.ot-vnd-subgrp-cnt .ot-cat-header{font-size:.8em}#onetrust-pc-sdk .ot-subgrp-cntr .ot-vnd-serv{margin-bottom:1rem;padding:1rem .95rem}#onetrust-pc-sdk .ot-subgrp-cntr .ot-vnd-serv .ot-vnd-serv-hdr-cntr{padding-bottom:.75rem;border-bottom:1px solid #d8d8d8}#onetrust-pc-sdk .ot-subgrp-cntr .ot-vnd-serv .ot-vnd-serv-hdr-cntr .ot-vnd-serv-hdr{font-weight:700;font-size:.8em;line-height:20px;margin-left:.82rem}#onetrust-pc-sdk .ot-subgrp-cntr .ot-cat-header{font-weight:700;font-size:.8em;line-height:20px}#onetrust-pc-sdk .ot-subgrp-cntr ul.ot-subgrps .ot-vnd-serv .ot-vnd-lst-cont .ot-accordion-layout .ot-acc-hdr div.ot-chkbox{margin-left:.82rem}#onetrust-pc-sdk .ot-vs-config .ot-acc-hdr,#onetrust-pc-sdk ul.ot-subgrps .ot-acc-hdr,#onetrust-pc-sdk .ot-subgrp-cntr ul.ot-subgrps .ot-acc-hdr,#onetrust-pc-sdk .ot-vs-list .ot-vnd-item .ot-acc-hdr,#onetrust-pc-sdk .ot-vnd-serv .ot-vnd-item .ot-acc-hdr,#onetrust-pc-sdk #ot-pc-lst .ot-vs-list .ot-vnd-item .ot-acc-hdr,#onetrust-pc-sdk .ot-accordion-layout.ot-checkbox-consent .ot-acc-hdr{padding:.7rem 0;margin:0;display:flex;width:100%;align-items:center;justify-content:space-between}#onetrust-pc-sdk .ot-vs-config .ot-acc-hdr div:first-child,#onetrust-pc-sdk ul.ot-subgrps .ot-acc-hdr div:first-child,#onetrust-pc-sdk .ot-subgrp-cntr ul.ot-subgrps .ot-acc-hdr div:first-child,#onetrust-pc-sdk .ot-vs-list .ot-vnd-item .ot-acc-hdr div:first-child,#onetrust-pc-sdk .ot-vnd-serv .ot-vnd-item .ot-acc-hdr div:first-child,#onetrust-pc-sdk #ot-pc-lst .ot-vs-list .ot-vnd-item .ot-acc-hdr div:first-child,#onetrust-pc-sdk .ot-accordion-layout.ot-checkbox-consent .ot-acc-hdr div:first-child{margin-left:.5rem}#onetrust-pc-sdk .ot-vs-config .ot-acc-hdr div:last-child,#onetrust-pc-sdk ul.ot-subgrps .ot-acc-hdr div:last-child,#onetrust-pc-sdk .ot-subgrp-cntr ul.ot-subgrps .ot-acc-hdr div:last-child,#onetrust-pc-sdk .ot-vs-list .ot-vnd-item .ot-acc-hdr div:last-child,#onetrust-pc-sdk .ot-vnd-serv .ot-vnd-item .ot-acc-hdr div:last-child,#onetrust-pc-sdk #ot-pc-lst .ot-vs-list .ot-vnd-item .ot-acc-hdr div:last-child,#onetrust-pc-sdk .ot-accordion-layout.ot-checkbox-consent .ot-acc-hdr div:last-child{margin-right:.5rem;margin-left:.5rem}#onetrust-pc-sdk .ot-vs-config .ot-acc-hdr .ot-always-active,#onetrust-pc-sdk ul.ot-subgrps .ot-acc-hdr .ot-always-active,#onetrust-pc-sdk .ot-subgrp-cntr ul.ot-subgrps .ot-acc-hdr .ot-always-active,#onetrust-pc-sdk .ot-vs-list .ot-vnd-item .ot-acc-hdr .ot-always-active,#onetrust-pc-sdk .ot-vnd-serv .ot-vnd-item .ot-acc-hdr .ot-always-active,#onetrust-pc-sdk #ot-pc-lst .ot-vs-list .ot-vnd-item .ot-acc-hdr .ot-always-active,#onetrust-pc-sdk .ot-accordion-layout.ot-checkbox-consent .ot-acc-hdr .ot-always-active{position:relative;right:unset;top:unset;transform:unset}#onetrust-pc-sdk .ot-vs-config .ot-acc-hdr .ot-plus-minus,#onetrust-pc-sdk ul.ot-subgrps .ot-acc-hdr .ot-plus-minus,#onetrust-pc-sdk .ot-subgrp-cntr ul.ot-subgrps .ot-acc-hdr .ot-plus-minus,#onetrust-pc-sdk .ot-vs-list .ot-vnd-item .ot-acc-hdr .ot-plus-minus,#onetrust-pc-sdk .ot-vnd-serv .ot-vnd-item .ot-acc-hdr .ot-plus-minus,#onetrust-pc-sdk #ot-pc-lst .ot-vs-list .ot-vnd-item .ot-acc-hdr .ot-plus-minus,#onetrust-pc-sdk .ot-accordion-layout.ot-checkbox-consent .ot-acc-hdr .ot-plus-minus{top:0}#onetrust-pc-sdk .ot-vs-config .ot-acc-hdr .ot-arw-cntr,#onetrust-pc-sdk ul.ot-subgrps .ot-acc-hdr .ot-arw-cntr,#onetrust-pc-sdk .ot-subgrp-cntr ul.ot-subgrps .ot-acc-hdr .ot-arw-cntr,#onetrust-pc-sdk .ot-vs-list .ot-vnd-item .ot-acc-hdr .ot-arw-cntr,#onetrust-pc-sdk .ot-vnd-serv .ot-vnd-item .ot-acc-hdr .ot-arw-cntr,#onetrust-pc-sdk #ot-pc-lst .ot-vs-list .ot-vnd-item .ot-acc-hdr .ot-arw-cntr,#onetrust-pc-sdk .ot-accordion-layout.ot-checkbox-consent .ot-acc-hdr .ot-arw-cntr{float:none;top:unset;right:unset;transform:unset;margin-top:-2px;position:relative}#onetrust-pc-sdk .ot-vs-config .ot-acc-hdr .ot-cat-header,#onetrust-pc-sdk ul.ot-subgrps .ot-acc-hdr .ot-cat-header,#onetrust-pc-sdk .ot-subgrp-cntr ul.ot-subgrps .ot-acc-hdr .ot-cat-header,#onetrust-pc-sdk .ot-vs-list .ot-vnd-item .ot-acc-hdr .ot-cat-header,#onetrust-pc-sdk .ot-vnd-serv .ot-vnd-item .ot-acc-hdr .ot-cat-header,#onetrust-pc-sdk #ot-pc-lst .ot-vs-list .ot-vnd-item .ot-acc-hdr .ot-cat-header,#onetrust-pc-sdk .ot-accordion-layout.ot-checkbox-consent .ot-acc-hdr .ot-cat-header{flex:1;margin:0 .5rem}#onetrust-pc-sdk .ot-vs-config .ot-acc-hdr .ot-tgl,#onetrust-pc-sdk ul.ot-subgrps .ot-acc-hdr .ot-tgl,#onetrust-pc-sdk .ot-subgrp-cntr ul.ot-subgrps .ot-acc-hdr .ot-tgl,#onetrust-pc-sdk .ot-vs-list .ot-vnd-item .ot-acc-hdr .ot-tgl,#onetrust-pc-sdk .ot-vnd-serv .ot-vnd-item .ot-acc-hdr .ot-tgl,#onetrust-pc-sdk #ot-pc-lst .ot-vs-list .ot-vnd-item .ot-acc-hdr .ot-tgl,#onetrust-pc-sdk .ot-accordion-layout.ot-checkbox-consent .ot-acc-hdr .ot-tgl{position:relative;transform:none;right:0;top:0;float:none}#onetrust-pc-sdk .ot-vs-config .ot-acc-hdr .ot-chkbox,#onetrust-pc-sdk ul.ot-subgrps .ot-acc-hdr .ot-chkbox,#onetrust-pc-sdk .ot-subgrp-cntr ul.ot-subgrps .ot-acc-hdr .ot-chkbox,#onetrust-pc-sdk .ot-vs-list .ot-vnd-item .ot-acc-hdr .ot-chkbox,#onetrust-pc-sdk .ot-vnd-serv .ot-vnd-item .ot-acc-hdr .ot-chkbox,#onetrust-pc-sdk #ot-pc-lst .ot-vs-list .ot-vnd-item .ot-acc-hdr .ot-chkbox,#onetrust-pc-sdk .ot-accordion-layout.ot-checkbox-consent .ot-acc-hdr .ot-chkbox{position:relative;margin:0 .5rem}#onetrust-pc-sdk .ot-vs-config .ot-acc-hdr .ot-chkbox label,#onetrust-pc-sdk ul.ot-subgrps .ot-acc-hdr .ot-chkbox label,#onetrust-pc-sdk .ot-subgrp-cntr ul.ot-subgrps .ot-acc-hdr .ot-chkbox label,#onetrust-pc-sdk .ot-vs-list .ot-vnd-item .ot-acc-hdr .ot-chkbox label,#onetrust-pc-sdk .ot-vnd-serv .ot-vnd-item .ot-acc-hdr .ot-chkbox label,#onetrust-pc-sdk #ot-pc-lst .ot-vs-list .ot-vnd-item .ot-acc-hdr .ot-chkbox label,#onetrust-pc-sdk .ot-accordion-layout.ot-checkbox-consent .ot-acc-hdr .ot-chkbox label{padding:0}#onetrust-pc-sdk .ot-vs-config .ot-acc-hdr .ot-chkbox label::before,#onetrust-pc-sdk ul.ot-subgrps .ot-acc-hdr .ot-chkbox label::before,#onetrust-pc-sdk .ot-subgrp-cntr ul.ot-subgrps .ot-acc-hdr .ot-chkbox label::before,#onetrust-pc-sdk .ot-vs-list .ot-vnd-item .ot-acc-hdr .ot-chkbox label::before,#onetrust-pc-sdk .ot-vnd-serv .ot-vnd-item .ot-acc-hdr .ot-chkbox label::before,#onetrust-pc-sdk #ot-pc-lst .ot-vs-list .ot-vnd-item .ot-acc-hdr .ot-chkbox label::before,#onetrust-pc-sdk .ot-accordion-layout.ot-checkbox-consent .ot-acc-hdr .ot-chkbox label::before{position:relative}#onetrust-pc-sdk .ot-vs-config .ot-acc-hdr .ot-chkbox input,#onetrust-pc-sdk ul.ot-subgrps .ot-acc-hdr .ot-chkbox input,#onetrust-pc-sdk .ot-subgrp-cntr ul.ot-subgrps .ot-acc-hdr .ot-chkbox input,#onetrust-pc-sdk .ot-vs-list .ot-vnd-item .ot-acc-hdr .ot-chkbox input,#onetrust-pc-sdk .ot-vnd-serv .ot-vnd-item .ot-acc-hdr .ot-chkbox input,#onetrust-pc-sdk #ot-pc-lst .ot-vs-list .ot-vnd-item .ot-acc-hdr .ot-chkbox input,#onetrust-pc-sdk .ot-accordion-layout.ot-checkbox-consent .ot-acc-hdr .ot-chkbox input{position:absolute;cursor:pointer;width:100%;height:100%;opacity:0;margin:0;top:0;left:0;z-index:1}#onetrust-pc-sdk .ot-subgrp-cntr ul.ot-subgrps li.ot-subgrp .ot-acc-hdr h5.ot-cat-header,#onetrust-pc-sdk .ot-subgrp-cntr ul.ot-subgrps li.ot-subgrp .ot-acc-hdr h4.ot-cat-header{margin:0}#onetrust-pc-sdk .ot-vs-config .ot-subgrp-cntr ul.ot-subgrps li.ot-subgrp h5{top:0;line-height:20px}#onetrust-pc-sdk .ot-vs-list{display:flex;flex-direction:column;padding:0;margin:.5rem 4px}#onetrust-pc-sdk .ot-vs-selc-all{display:flex;padding:0;float:unset;align-items:center;justify-content:flex-start}#onetrust-pc-sdk .ot-vs-selc-all.ot-toggle-conf{justify-content:flex-end}#onetrust-pc-sdk .ot-vs-selc-all.ot-toggle-conf.ot-caret-conf .ot-sel-all-chkbox{margin-right:48px}#onetrust-pc-sdk .ot-vs-selc-all.ot-toggle-conf .ot-sel-all-chkbox{margin:0;padding:0;margin-right:14px;justify-content:flex-end}#onetrust-pc-sdk .ot-vs-selc-all.ot-toggle-conf #ot-selall-vencntr.ot-chkbox,#onetrust-pc-sdk .ot-vs-selc-all.ot-toggle-conf #ot-selall-vencntr.ot-tgl{display:inline-block;right:unset;width:auto;height:auto;float:none}#onetrust-pc-sdk .ot-vs-selc-all.ot-toggle-conf #ot-selall-vencntr label{width:45px;height:25px}#onetrust-pc-sdk .ot-vs-selc-all .ot-sel-all-chkbox{margin-right:11px;margin-left:.75rem;display:flex;align-items:center}#onetrust-pc-sdk .ot-vs-selc-all .sel-all-hdr{margin:0 1.25rem;font-size:.812em;line-height:normal;text-align:center;word-break:break-word;word-wrap:break-word}#onetrust-pc-sdk .ot-vnd-list-cnt #ot-selall-vencntr.ot-chkbox{float:unset;right:0}#onetrust-pc-sdk[dir=rtl] #ot-back-arw,#onetrust-pc-sdk[dir=rtl] input~.ot-acc-hdr .ot-arw{transform:rotate(180deg);-o-transform:rotate(180deg);-ms-transform:rotate(180deg);-webkit-transform:rotate(180deg)}#onetrust-pc-sdk[dir=rtl] input:checked~.ot-acc-hdr .ot-arw{transform:rotate(270deg);-o-transform:rotate(270deg);-ms-transform:rotate(270deg);-webkit-transform:rotate(270deg)}#onetrust-pc-sdk[dir=rtl] .ot-chkbox label::after{transform:rotate(45deg);-webkit-transform:rotate(45deg);-o-transform:rotate(45deg);-ms-transform:rotate(45deg);border-left:0;border-right:3px solid}#onetrust-pc-sdk[dir=rtl] .ot-search-cntr>svg{right:0}@media only screen and (max-width: 600px){#onetrust-pc-sdk.otPcCenter{left:0;min-width:100%;height:100%;top:0;border-radius:0}#onetrust-pc-sdk #ot-pc-content,#onetrust-pc-sdk.ot-ftr-stacked .ot-btn-container{margin:1px 3px 0 10px;padding-right:10px;width:calc(100% - 23px)}#onetrust-pc-sdk .ot-btn-container button{max-width:none;letter-spacing:.01em}#onetrust-pc-sdk #close-pc-btn-handler{top:10px;right:17px}#onetrust-pc-sdk p{font-size:.7em}#onetrust-pc-sdk #ot-pc-hdr{margin:10px 10px 0 5px;width:calc(100% - 15px)}#onetrust-pc-sdk .vendor-search-handler{font-size:1em}#onetrust-pc-sdk #ot-back-arw{margin-left:12px}#onetrust-pc-sdk #ot-lst-cnt{margin:0;padding:0 5px 0 10px;min-width:95%}#onetrust-pc-sdk .switch+p{max-width:80%}#onetrust-pc-sdk .ot-ftr-stacked button{width:100%}#onetrust-pc-sdk #ot-fltr-cnt{max-width:320px;width:90%;border-top-right-radius:0;border-bottom-right-radius:0;margin:0;margin-left:15px;left:auto;right:40px;top:85px}#onetrust-pc-sdk .ot-fltr-opt{margin-left:25px;margin-bottom:10px}#onetrust-pc-sdk .ot-pc-refuse-all-handler{margin-bottom:0}#onetrust-pc-sdk #ot-fltr-cnt{right:40px}}@media only screen and (max-width: 476px){#onetrust-pc-sdk .ot-fltr-cntr,#onetrust-pc-sdk #ot-fltr-cnt{right:10px}#onetrust-pc-sdk #ot-anchor{right:25px}#onetrust-pc-sdk button{width:100%}#onetrust-pc-sdk:not(.ot-addtl-vendors) #ot-pc-lst:not(.ot-enbl-chr) .ot-sel-all{padding-right:9px}#onetrust-pc-sdk:not(.ot-addtl-vendors) #ot-pc-lst:not(.ot-enbl-chr) .ot-tgl-cntr{right:0}}@media only screen and (max-width: 896px)and (max-height: 425px)and (orientation: landscape){#onetrust-pc-sdk.otPcCenter{left:0;top:0;min-width:100%;height:100%;border-radius:0}#onetrust-pc-sdk .ot-pc-header{height:auto;min-height:20px}#onetrust-pc-sdk .ot-pc-header .ot-pc-logo{max-height:30px}#onetrust-pc-sdk .ot-pc-footer{max-height:60px;overflow-y:auto}#onetrust-pc-sdk #ot-pc-content,#onetrust-pc-sdk #ot-pc-lst{bottom:70px}#onetrust-pc-sdk.ot-ftr-stacked #ot-pc-content{bottom:70px}#onetrust-pc-sdk #ot-anchor{left:initial;right:50px}#onetrust-pc-sdk #ot-lst-title{margin-top:12px}#onetrust-pc-sdk #ot-lst-title *{font-size:inherit}#onetrust-pc-sdk #ot-pc-hdr input{margin-right:0;padding-right:45px}#onetrust-pc-sdk .switch+p{max-width:85%}#onetrust-pc-sdk #ot-sel-blk{position:static}#onetrust-pc-sdk #ot-pc-lst{overflow:auto}#onetrust-pc-sdk #ot-lst-cnt{max-height:none;overflow:initial}#onetrust-pc-sdk #ot-lst-cnt.no-results{height:auto}#onetrust-pc-sdk input{font-size:1em !important}#onetrust-pc-sdk p{font-size:.6em}#onetrust-pc-sdk #ot-fltr-modal{width:100%;top:0}#onetrust-pc-sdk ul li p,#onetrust-pc-sdk .category-vendors-list-handler,#onetrust-pc-sdk .category-vendors-list-handler+a,#onetrust-pc-sdk .category-host-list-handler{font-size:.6em}#onetrust-pc-sdk.ot-shw-fltr #ot-anchor{display:none !important}#onetrust-pc-sdk.ot-shw-fltr #ot-pc-lst{height:100% !important;overflow:hidden;top:0px}#onetrust-pc-sdk.ot-shw-fltr #ot-fltr-cnt{margin:0;height:100%;max-height:none;padding:10px;top:0;width:calc(100% - 20px);position:absolute;right:0;left:0;max-width:none}#onetrust-pc-sdk.ot-shw-fltr .ot-fltr-scrlcnt{max-height:calc(100% - 65px)}}
            #onetrust-consent-sdk #onetrust-pc-sdk,
                #onetrust-consent-sdk #ot-search-cntr,
                #onetrust-consent-sdk #onetrust-pc-sdk .ot-switch.ot-toggle,
                #onetrust-consent-sdk #onetrust-pc-sdk ot-grp-hdr1 .checkbox,
                #onetrust-consent-sdk #onetrust-pc-sdk #ot-pc-title:after
                ,#onetrust-consent-sdk #onetrust-pc-sdk #ot-sel-blk,
                        #onetrust-consent-sdk #onetrust-pc-sdk #ot-fltr-cnt,
                        #onetrust-consent-sdk #onetrust-pc-sdk #ot-anchor {
                    background-color: #FFFFFF;
                }
               
            #onetrust-consent-sdk #onetrust-pc-sdk h3,
                #onetrust-consent-sdk #onetrust-pc-sdk h4,
                #onetrust-consent-sdk #onetrust-pc-sdk h5,
                #onetrust-consent-sdk #onetrust-pc-sdk h6,
                #onetrust-consent-sdk #onetrust-pc-sdk p,
                #onetrust-consent-sdk #onetrust-pc-sdk #ot-ven-lst .ot-ven-opts p,
                #onetrust-consent-sdk #onetrust-pc-sdk #ot-pc-desc,
                #onetrust-consent-sdk #onetrust-pc-sdk #ot-pc-title,
                #onetrust-consent-sdk #onetrust-pc-sdk .ot-li-title,
                #onetrust-consent-sdk #onetrust-pc-sdk .ot-sel-all-hdr span,
                #onetrust-consent-sdk #onetrust-pc-sdk #ot-host-lst .ot-host-info,
                #onetrust-consent-sdk #onetrust-pc-sdk #ot-fltr-modal #modal-header,
                #onetrust-consent-sdk #onetrust-pc-sdk .ot-checkbox label span,
                #onetrust-consent-sdk #onetrust-pc-sdk #ot-pc-lst #ot-sel-blk p,
                #onetrust-consent-sdk #onetrust-pc-sdk #ot-pc-lst #ot-lst-title h3,
                #onetrust-consent-sdk #onetrust-pc-sdk #ot-pc-lst .back-btn-handler p,
                #onetrust-consent-sdk #onetrust-pc-sdk #ot-pc-lst .ot-ven-name,
                #onetrust-consent-sdk #onetrust-pc-sdk #ot-pc-lst #ot-ven-lst .consent-category,
                #onetrust-consent-sdk #onetrust-pc-sdk .ot-leg-btn-container .ot-inactive-leg-btn,
                #onetrust-consent-sdk #onetrust-pc-sdk .ot-label-status,
                #onetrust-consent-sdk #onetrust-pc-sdk .ot-chkbox label span,
                #onetrust-consent-sdk #onetrust-pc-sdk #clear-filters-handler,
                #onetrust-consent-sdk #onetrust-pc-sdk .ot-optout-signal
                {
                    color: #696969;
                }
             #onetrust-consent-sdk #onetrust-pc-sdk .privacy-notice-link,
                    #onetrust-consent-sdk #onetrust-pc-sdk .ot-pgph-link,
                    #onetrust-consent-sdk #onetrust-pc-sdk .category-vendors-list-handler,
                    #onetrust-consent-sdk #onetrust-pc-sdk .category-vendors-list-handler + a,
                    #onetrust-consent-sdk #onetrust-pc-sdk .category-host-list-handler,
                    #onetrust-consent-sdk #onetrust-pc-sdk .ot-ven-link,
                    #onetrust-consent-sdk #onetrust-pc-sdk .ot-ven-legclaim-link,
                    #onetrust-consent-sdk #onetrust-pc-sdk #ot-host-lst .ot-host-name a,
                    #onetrust-consent-sdk #onetrust-pc-sdk #ot-host-lst .ot-acc-hdr .ot-host-expand,
                    #onetrust-consent-sdk #onetrust-pc-sdk #ot-host-lst .ot-host-info a,
                    #onetrust-consent-sdk #onetrust-pc-sdk #ot-pc-content #ot-pc-desc .ot-link-btn,
                    #onetrust-consent-sdk #onetrust-pc-sdk .ot-vnd-serv .ot-vnd-item .ot-vnd-info a,
                    #onetrust-consent-sdk #onetrust-pc-sdk #ot-lst-cnt .ot-vnd-info a
                    {
                        color: #3860BE;
                    }
            #onetrust-consent-sdk #onetrust-pc-sdk .category-vendors-list-handler:hover { text-decoration: underline;}
            #onetrust-consent-sdk #onetrust-pc-sdk .ot-acc-grpcntr.ot-acc-txt,
            #onetrust-consent-sdk #onetrust-pc-sdk .ot-acc-txt .ot-subgrp-tgl .ot-switch.ot-toggle
             {
                background-color: #F8F8F8;
            }
             #onetrust-consent-sdk #onetrust-pc-sdk #ot-host-lst .ot-host-info,
                    #onetrust-consent-sdk #onetrust-pc-sdk .ot-acc-txt .ot-ven-dets
                            {
                                background-color: #F8F8F8;
                            }
        #onetrust-consent-sdk #onetrust-pc-sdk
            button:not(#clear-filters-handler):not(.ot-close-icon):not(#filter-btn-handler):not(.ot-remove-objection-handler):not(.ot-obj-leg-btn-handler):not([aria-expanded]):not(.ot-link-btn),
            #onetrust-consent-sdk #onetrust-pc-sdk .ot-leg-btn-container .ot-active-leg-btn {
                background-color: #c8030f;border-color: #c8030f;
                color: #FFFFFF;
            }
            #onetrust-consent-sdk #onetrust-pc-sdk .ot-active-menu {
                border-color: #c8030f;
            }
            
            #onetrust-consent-sdk #onetrust-pc-sdk .ot-leg-btn-container .ot-remove-objection-handler{
                background-color: transparent;
                border: 1px solid transparent;
            }
            #onetrust-consent-sdk #onetrust-pc-sdk .ot-leg-btn-container .ot-inactive-leg-btn {
                background-color: #FFFFFF;
                color: #4D4D4D; border-color: #4D4D4D;
            }
            #onetrust-consent-sdk #onetrust-pc-sdk .ot-tgl input:focus + .ot-switch, .ot-switch .ot-switch-nob, .ot-switch .ot-switch-nob:before,
            #onetrust-pc-sdk .ot-checkbox input[type="checkbox"]:focus + label::before,
            #onetrust-pc-sdk .ot-chkbox input[type="checkbox"]:focus + label::before {
                outline-color: #000000;
                outline-width: 1px;
            }
            #onetrust-pc-sdk .ot-host-item > button:focus, #onetrust-pc-sdk .ot-ven-item > button:focus {
                border: 1px solid #000000;
            }
            #onetrust-consent-sdk #onetrust-pc-sdk *:focus,
            #onetrust-consent-sdk #onetrust-pc-sdk .ot-vlst-cntr > a:focus {
               outline: 1px solid #000000;
            }#onetrust-pc-sdk .ot-vlst-cntr .ot-ext-lnk,  #onetrust-pc-sdk .ot-ven-hdr .ot-ext-lnk{
                    background-image: url('https://cdn.cookielaw.org/logos/static/ot_external_link.svg');
                }
            .ot-pc-footer-logo {
display: none !important;
}
.ot-ven-hdr h3 {
  font-size: .99em !important;
}
.ot-ven-link, .ot-ven-legclaim-link {
    font-size: .99em !important;
}
.ot-host-info {
font-size: 1em !important;
}
.ot-floating-button {
display: none !important;
}
.ot-acc-txt h4 {
    font-size: .99em !important;
}
.ot-acc-txt p {
    font-size: .99em !important; 
}.ot-sdk-cookie-policy{font-family:inherit;font-size:16px}.ot-sdk-cookie-policy.otRelFont{font-size:1rem}.ot-sdk-cookie-policy h3,.ot-sdk-cookie-policy h4,.ot-sdk-cookie-policy h6,.ot-sdk-cookie-policy p,.ot-sdk-cookie-policy li,.ot-sdk-cookie-policy a,.ot-sdk-cookie-policy th,.ot-sdk-cookie-policy #cookie-policy-description,.ot-sdk-cookie-policy .ot-sdk-cookie-policy-group,.ot-sdk-cookie-policy #cookie-policy-title{color:dimgray}.ot-sdk-cookie-policy #cookie-policy-description{margin-bottom:1em}.ot-sdk-cookie-policy h4{font-size:1.2em}.ot-sdk-cookie-policy h6{font-size:1em;margin-top:2em}.ot-sdk-cookie-policy th{min-width:75px}.ot-sdk-cookie-policy a,.ot-sdk-cookie-policy a:hover{background:#fff}.ot-sdk-cookie-policy thead{background-color:#f6f6f4;font-weight:bold}.ot-sdk-cookie-policy .ot-mobile-border{display:none}.ot-sdk-cookie-policy section{margin-bottom:2em}.ot-sdk-cookie-policy table{border-collapse:inherit}#ot-sdk-cookie-policy-v2.ot-sdk-cookie-policy{font-family:inherit;font-size:1rem}#ot-sdk-cookie-policy-v2.ot-sdk-cookie-policy h3,#ot-sdk-cookie-policy-v2.ot-sdk-cookie-policy h4,#ot-sdk-cookie-policy-v2.ot-sdk-cookie-policy h6,#ot-sdk-cookie-policy-v2.ot-sdk-cookie-policy p,#ot-sdk-cookie-policy-v2.ot-sdk-cookie-policy li,#ot-sdk-cookie-policy-v2.ot-sdk-cookie-policy a,#ot-sdk-cookie-policy-v2.ot-sdk-cookie-policy th,#ot-sdk-cookie-policy-v2.ot-sdk-cookie-policy #cookie-policy-description,#ot-sdk-cookie-policy-v2.ot-sdk-cookie-policy .ot-sdk-cookie-policy-group,#ot-sdk-cookie-policy-v2.ot-sdk-cookie-policy #cookie-policy-title{color:dimgray}#ot-sdk-cookie-policy-v2.ot-sdk-cookie-policy #cookie-policy-description{margin-bottom:1em}#ot-sdk-cookie-policy-v2.ot-sdk-cookie-policy .ot-sdk-subgroup{margin-left:1.5em}#ot-sdk-cookie-policy-v2.ot-sdk-cookie-policy #cookie-policy-description,#ot-sdk-cookie-policy-v2.ot-sdk-cookie-policy .ot-sdk-cookie-policy-group-desc,#ot-sdk-cookie-policy-v2.ot-sdk-cookie-policy .ot-table-header,#ot-sdk-cookie-policy-v2.ot-sdk-cookie-policy a,#ot-sdk-cookie-policy-v2.ot-sdk-cookie-policy span,#ot-sdk-cookie-policy-v2.ot-sdk-cookie-policy td{font-size:.9em}#ot-sdk-cookie-policy-v2.ot-sdk-cookie-policy td span,#ot-sdk-cookie-policy-v2.ot-sdk-cookie-policy td a{font-size:inherit}#ot-sdk-cookie-policy-v2.ot-sdk-cookie-policy .ot-sdk-cookie-policy-group{font-size:1em;margin-bottom:.6em}#ot-sdk-cookie-policy-v2.ot-sdk-cookie-policy .ot-sdk-cookie-policy-title{margin-bottom:1.2em}#ot-sdk-cookie-policy-v2.ot-sdk-cookie-policy>section{margin-bottom:1em}#ot-sdk-cookie-policy-v2.ot-sdk-cookie-policy th{min-width:75px}#ot-sdk-cookie-policy-v2.ot-sdk-cookie-policy a,#ot-sdk-cookie-policy-v2.ot-sdk-cookie-policy a:hover{background:#fff}#ot-sdk-cookie-policy-v2.ot-sdk-cookie-policy thead{background-color:#f6f6f4;font-weight:bold}#ot-sdk-cookie-policy-v2.ot-sdk-cookie-policy .ot-mobile-border{display:none}#ot-sdk-cookie-policy-v2.ot-sdk-cookie-policy section{margin-bottom:2em}#ot-sdk-cookie-policy-v2.ot-sdk-cookie-policy .ot-sdk-subgroup ul li{list-style:disc;margin-left:1.5em}#ot-sdk-cookie-policy-v2.ot-sdk-cookie-policy .ot-sdk-subgroup ul li h4{display:inline-block}#ot-sdk-cookie-policy-v2.ot-sdk-cookie-policy table{border-collapse:inherit;margin:auto;border:1px solid #d7d7d7;border-radius:5px;border-spacing:initial;width:100%;overflow:hidden}#ot-sdk-cookie-policy-v2.ot-sdk-cookie-policy table th,#ot-sdk-cookie-policy-v2.ot-sdk-cookie-policy table td{border-bottom:1px solid #d7d7d7;border-right:1px solid #d7d7d7}#ot-sdk-cookie-policy-v2.ot-sdk-cookie-policy table tr:last-child td{border-bottom:0px}#ot-sdk-cookie-policy-v2.ot-sdk-cookie-policy table tr th:last-child,#ot-sdk-cookie-policy-v2.ot-sdk-cookie-policy table tr td:last-child{border-right:0px}#ot-sdk-cookie-policy-v2.ot-sdk-cookie-policy table .ot-host,#ot-sdk-cookie-policy-v2.ot-sdk-cookie-policy table .ot-cookies-type{width:25%}.ot-sdk-cookie-policy[dir=rtl]{text-align:left}#ot-sdk-cookie-policy h3{font-size:1.5em}@media only screen and (max-width: 530px){.ot-sdk-cookie-policy:not(#ot-sdk-cookie-policy-v2) table,.ot-sdk-cookie-policy:not(#ot-sdk-cookie-policy-v2) thead,.ot-sdk-cookie-policy:not(#ot-sdk-cookie-policy-v2) tbody,.ot-sdk-cookie-policy:not(#ot-sdk-cookie-policy-v2) th,.ot-sdk-cookie-policy:not(#ot-sdk-cookie-policy-v2) td,.ot-sdk-cookie-policy:not(#ot-sdk-cookie-policy-v2) tr{display:block}.ot-sdk-cookie-policy:not(#ot-sdk-cookie-policy-v2) thead tr{position:absolute;top:-9999px;left:-9999px}.ot-sdk-cookie-policy:not(#ot-sdk-cookie-policy-v2) tr{margin:0 0 1em 0}.ot-sdk-cookie-policy:not(#ot-sdk-cookie-policy-v2) tr:nth-child(odd),.ot-sdk-cookie-policy:not(#ot-sdk-cookie-policy-v2) tr:nth-child(odd) a{background:#f6f6f4}.ot-sdk-cookie-policy:not(#ot-sdk-cookie-policy-v2) td{border:none;border-bottom:1px solid #eee;position:relative;padding-left:50%}.ot-sdk-cookie-policy:not(#ot-sdk-cookie-policy-v2) td:before{position:absolute;height:100%;left:6px;width:40%;padding-right:10px}.ot-sdk-cookie-policy:not(#ot-sdk-cookie-policy-v2) .ot-mobile-border{display:inline-block;background-color:#e4e4e4;position:absolute;height:100%;top:0;left:45%;width:2px}.ot-sdk-cookie-policy:not(#ot-sdk-cookie-policy-v2) td:before{content:attr(data-label);font-weight:bold}.ot-sdk-cookie-policy:not(#ot-sdk-cookie-policy-v2) li{word-break:break-word;word-wrap:break-word}#ot-sdk-cookie-policy-v2.ot-sdk-cookie-policy table{overflow:hidden}#ot-sdk-cookie-policy-v2.ot-sdk-cookie-policy table td{border:none;border-bottom:1px solid #d7d7d7}#ot-sdk-cookie-policy-v2.ot-sdk-cookie-policy table,#ot-sdk-cookie-policy-v2.ot-sdk-cookie-policy thead,#ot-sdk-cookie-policy-v2.ot-sdk-cookie-policy tbody,#ot-sdk-cookie-policy-v2.ot-sdk-cookie-policy th,#ot-sdk-cookie-policy-v2.ot-sdk-cookie-policy td,#ot-sdk-cookie-policy-v2.ot-sdk-cookie-policy tr{display:block}#ot-sdk-cookie-policy-v2.ot-sdk-cookie-policy table .ot-host,#ot-sdk-cookie-policy-v2.ot-sdk-cookie-policy table .ot-cookies-type{width:auto}#ot-sdk-cookie-policy-v2.ot-sdk-cookie-policy tr{margin:0 0 1em 0}#ot-sdk-cookie-policy-v2.ot-sdk-cookie-policy td:before{height:100%;width:40%;padding-right:10px}#ot-sdk-cookie-policy-v2.ot-sdk-cookie-policy td:before{content:attr(data-label);font-weight:bold}#ot-sdk-cookie-policy-v2.ot-sdk-cookie-policy li{word-break:break-word;word-wrap:break-word}#ot-sdk-cookie-policy-v2.ot-sdk-cookie-policy thead tr{position:absolute;top:-9999px;left:-9999px;z-index:-9999}#ot-sdk-cookie-policy-v2.ot-sdk-cookie-policy table tr:last-child td{border-bottom:1px solid #d7d7d7;border-right:0px}#ot-sdk-cookie-policy-v2.ot-sdk-cookie-policy table tr:last-child td:last-child{border-bottom:0px}}
                
                    #ot-sdk-cookie-policy-v2.ot-sdk-cookie-policy h5,
                    #ot-sdk-cookie-policy-v2.ot-sdk-cookie-policy h6,
                    #ot-sdk-cookie-policy-v2.ot-sdk-cookie-policy li,
                    #ot-sdk-cookie-policy-v2.ot-sdk-cookie-policy p,
                    #ot-sdk-cookie-policy-v2.ot-sdk-cookie-policy a,
                    #ot-sdk-cookie-policy-v2.ot-sdk-cookie-policy span,
                    #ot-sdk-cookie-policy-v2.ot-sdk-cookie-policy td,
                    #ot-sdk-cookie-policy-v2.ot-sdk-cookie-policy #cookie-policy-description {
                        color: #696969;
                    }
                    #ot-sdk-cookie-policy-v2.ot-sdk-cookie-policy th {
                        color: #696969;
                    }
                    #ot-sdk-cookie-policy-v2.ot-sdk-cookie-policy .ot-sdk-cookie-policy-group {
                        color: #696969;
                    }
                    
                    #ot-sdk-cookie-policy-v2.ot-sdk-cookie-policy #cookie-policy-title {
                            color: #696969;
                        }
                    
            
                    #ot-sdk-cookie-policy-v2.ot-sdk-cookie-policy table th {
                            background-color: #F8F8F8;
                        }
                    
            .ot-floating-button__front{background-image:url('https://cdn.cookielaw.org/logos/static/ot_persistent_cookie_icon.png')}
        @keyframes slide-down-custom {
            0% {
                bottom: 910px !important;
            }
            100% {
                bottom: 0px;
            }
        }
        @-webkit-keyframes slide-down-custom {
            0% {
                bottom: 910px !important;
            }
            100% {
                bottom: 0px;
            }
        }
        @-moz-keyframes slide-down-custom {
            0% {
                bottom: 910px !important;
            }
            100% {
                bottom: 0px;
            }
        }
        #ot-sdk-btn-floating.ot-floating-button{position:fixed;bottom:10px;opacity:0;width:50px;height:50px;line-height:15px;cursor:pointer;background-color:rgba(0,0,0,0);transition:all 300ms ease;z-index:2147483646;animation:otFloatingBtnIntro 800ms ease 0ms 1 forwards}#ot-sdk-btn-floating.ot-floating-button.ot-hide{display:none}#ot-sdk-btn-floating.ot-floating-button::before,#ot-sdk-btn-floating.ot-floating-button::after{text-transform:none;line-height:1;user-select:none;pointer-events:none;position:absolute;transform:scale(0);opacity:0;transition:all 300ms ease;display:block;height:auto}#ot-sdk-btn-floating.ot-floating-button::before{content:"";border:5px solid rgba(0,0,0,0);z-index:1001;top:50%;border-left-width:0;border-right-color:#333;right:calc(0em - 5px);transform:translate(10px, -50%)}#ot-sdk-btn-floating.ot-floating-button::after{content:attr(data-title);position:absolute;text-align:center;top:50%;left:calc(100% + 5px);transform:translate(10px, -50%);font-size:.75rem;min-width:3em;max-width:21em;white-space:nowrap;overflow:hidden;text-overflow:ellipsis;padding:5px;border-radius:.3ch;box-shadow:0 1em 2em -0.5em rgba(0,0,0,.35);background:#333;color:#fff;z-index:2147483645}#ot-sdk-btn-floating.ot-floating-button:hover::before,#ot-sdk-btn-floating.ot-floating-button:hover::after{opacity:1}#ot-sdk-btn-floating.ot-floating-button:hover::before{transform:translate(0.5em, -50%) scale(1)}#ot-sdk-btn-floating.ot-floating-button:hover::after{transform:translate(0.5em, -50%) scale(1)}#ot-sdk-btn-floating.ot-floating-button.ot-pc-open .ot-floating-button__front{transform:rotateY(-180deg)}#ot-sdk-btn-floating.ot-floating-button.ot-pc-open .ot-floating-button__back{transform:rotateY(0)}#ot-sdk-btn-floating .ot-floating-button__front,#ot-sdk-btn-floating .ot-floating-button__back{position:absolute;width:100%;height:100%;-webkit-backface-visibility:hidden;backface-visibility:hidden;background-color:#6aaae4;border-radius:10px;box-shadow:0 4px 8px 0 rgba(0,0,0,.2);transition:transform .6s;transform-style:preserve-3d}#ot-sdk-btn-floating .ot-floating-button__front{background-color:#6aaae4;transform:rotateY(0)}#ot-sdk-btn-floating .ot-floating-button__front.custom-persistent-icon{background-position:center center;background-repeat:no-repeat;background-size:100%;border-radius:100px}#ot-sdk-btn-floating .ot-floating-button__front svg{width:30px;height:37px}#ot-sdk-btn-floating .ot-floating-button__back{background-color:#69c;transform:rotateY(-180deg)}#ot-sdk-btn-floating .ot-floating-button__back.custom-persistent-icon{background-position:center center;background-repeat:no-repeat;background-size:100%;border-radius:100px}#ot-sdk-btn-floating .ot-floating-button__back svg{width:24px;height:24px}#ot-sdk-btn-floating.ot-floating-button button{padding:0;background-color:rgba(0,0,0,0);border:0;width:100%;height:100%;cursor:pointer}@keyframes otFloatingBtnIntro{0%{opacity:0;left:-75px}100%{opacity:1;left:1%}}@keyframes otFloatingBtnImageIntro{0%{opacity:0;transform:scale(0) rotate(-270deg)}100%{opacity:100%;transform:scale(0.95) rotate(0deg)}}</style></head>
      <body><noscript><iframe src="https://www.googletagmanager.com/ns.html?id=GTM-N9J2VZR"height="0" width="0" style="display:none;visibility:hidden"></iframe></noscript>
        <div id="app"><div class="layout"><div class="content"><!--[--><div data-test-id="home" class="home-view"><div class="home-view__header"><div class="app-banner" style="height: 64px;" data-test-id="app-banner-component"><div class="app-banner__content" data-test-id="app-banner-content"><span class="dia-icon-clear app-banner__cross-icon" data-test-id="app-banner-cross-icon"></span><span class="app-banner__icon-image"><span class="dia-icon-dia app-banner__dia-icon" data-test-id="app-banner-icon-image"></span></span><div class="app-banner__text-container" data-test-id="app-banner-text-container"><p class="app-banner__first-message" data-test-id="app-banner-first-message">Navega con la app</p><p class="app-banner__second-message" data-test-id="app-banner-second-message">Más cupones y descuentos</p></div></div><button class="app-banner__button" data-test-id="app-banner-cta-button">ABRIR</button></div><!--[--><div data-test-id="dia-header-component" class="dia-header" data-v-08c60012=""><div class="dia-header__section dia-header__section--start" data-v-08c60012=""><a data-test-id="header-logo" rel="external" href="https://www.dia.es/" class="header-logo dia-header__logo" data-v-08c60012="" data-v-a0b5f86b=""><img class="header-logo__image" height="31" width="56" src="./DIA_files/logo-dia.1d2fd0a9.svg" alt="LogoDia" data-v-a0b5f86b=""></a><div class="dia-header__left-icons" data-v-08c60012=""><!--[--><div class="category-button__mobile-container"><button data-test-id="mobile-category-button" class="category-button__mobile dia-icon-dehaze" aria-label="categories list menú button"></button></div><button data-test-id="desktop-category-button" type="button" aria-label="categories list menú button" class="category-button dia-icon-dehaze"><p class="category-button__text">Productos</p></button><!----><!--]--><!----></div><a rel="external" href="https://www.dia.es/cart" class="cart-button dia-header__cart-icon" data-test-id="cart-btn" data-v-08c60012="" data-v-ca643d7c=""><div class="cart-button__content" data-v-ca643d7c=""><span class="dia-icon-Vector-1" data-test-id="cart-btn-icon" data-v-ca643d7c=""></span><p class="cart-button__text" data-test-id="cart-btn-text" data-v-ca643d7c="">0,00&nbsp;€</p></div></a></div><div class="dia-header__section dia-header__section--middle" style="max-height: 64px" data-v-08c60012=""><div data-test-id="search-item" class="dia-search" type="submit" reduced-back-call="true" data-v-08c60012="" data-v-99dcc3b6=""><button class="dia-search__button" type="submit" aria-label="search-bar search button" data-v-99dcc3b6=""><span class="dia-search__icon dia-icon-lupa" data-v-99dcc3b6=""></span></button><div class="dia-search__input-icon dia-search__input-icon" data-v-99dcc3b6=""><input value="" data-test-id="search-input-item" aria-label="search bar input" class="dia-search__bar" type="text" autocomplete="off" data-v-99dcc3b6=""><!----></div></div></div><div class="dia-header__section dia-header__section--end" data-test-id="dia-header-section-end" data-v-08c60012=""><!--[--><div class="postal-code-button" data-test-id="postal-code-btn" icontext="Elige tu código postal"><span class="dia-icon-truck"></span><p class="postal-code-button__text" data-test-id="postal-code-btn-text">Elige tu código postal</p></div><a rel="external" href="https://www.dia.es/my-account/orders-and-lists" class="orders-list-button" data-test-id="orders-list-btn" data-v-d69a20a3=""><span class="dia-icon-list" data-v-d69a20a3=""></span><p class="orders-list-button__text" data-test-id="orders-list-btn-text" data-v-d69a20a3="">Pedidos y listas</p></a><!----><a rel="external" href="https://www.dia.es/login?redirect=/my-account&amp;analytics_site_location=header" class="login-button" data-test-id="login-btn" data-v-6ac43115=""><div class="login-button__icon" data-v-6ac43115=""><span class="dia-icon-Union" data-v-6ac43115=""></span><em class="dia-icon-in" data-test-id="login-btn-icon" data-v-6ac43115=""></em></div><p class="login-button__text" data-test-id="login-btn-text" data-v-6ac43115="">Inicia sesión</p></a><a rel="external" href="https://www.dia.es/cart" class="cart-button" data-test-id="cart-btn" data-v-ca643d7c=""><div class="cart-button__content" data-v-ca643d7c=""><span class="dia-icon-Vector-1" data-test-id="cart-btn-icon" data-v-ca643d7c=""></span><p class="cart-button__text" data-test-id="cart-btn-text" data-v-ca643d7c="">0,00&nbsp;€</p></div></a><!--]--></div><!----></div><!----><div class="postal-code-main-modal" data-v-08c60012=""><!----></div><!----><!--]--></div><div class="home-content" style="margin-top: 239px;" data-test-id="home-content"><h1 class="home-content__title" data-test-id="home-content-title">Tu supermercado online</h1><div class="top-section" data-test-id="top-section" data-v-0c7e595e=""><div class="top-section__blue-section" data-v-0c7e595e=""><div data-v-0c7e595e=""><p class="top-section__blue-section-title" data-v-0c7e595e="">¿Sabes que podemos adaptar nuestro surtido a tu código postal?</p><div data-test-id="blue-section-postal-code" class="top-section__blue-section-pc" data-v-0c7e595e=""><span class="dia-icon-Vector" data-v-0c7e595e=""></span><span class="top-section__blue-section-pc-info" data-v-0c7e595e="">Elige código postal</span></div></div></div><div class="top-section__tablets" data-v-0c7e595e=""><!--[--><div data-test-id="top-item" class="top-item top-section__top-item" data-v-0c7e595e=""><div class="top-item__icon"><span class="dia-icon-credit-card top-item__inner-icon"></span></div><div class="top-item__information"><a href="https://www.dia.es/l/clubdia" class="top-item__link"><p class="top-item__title">CLUB Dia</p></a><div class="top-item__description">Inscríbete</div></div></div><div data-test-id="top-item" class="top-item top-section__top-item" data-v-0c7e595e=""><div class="top-item__icon"><span class="dia-icon-truck top-item__inner-icon"></span></div><div class="top-item__information"><a href="https://www.dia.es/l/metodos-de-envio" class="top-item__link"><p class="top-item__title">Envío 4,99€</p></a><div class="top-item__description">Gratis &gt;100€</div></div></div><div data-test-id="top-item" class="top-item top-section__top-item" data-v-0c7e595e=""><div class="top-item__icon"><span class="dia-icon-location-on top-item__inner-icon"></span></div><div class="top-item__information"><a href="https://www.dia.es/tiendas/buscador-tiendas-folletos" class="top-item__link"><p class="top-item__title">Folletos</p></a><div class="top-item__description">Descúbrelos</div></div></div><!--]--></div></div><div data-test-id="dynamic-section-container"><!--[--><div class="dynamic-section" data-test-id="dynamic-section"><!----><div data-test-id="dynamic-section-components-container" class="dynamic-section__components-container"><!--[--><a class="simple-banner simple-banner__home-padding dynamic-section__element" data-test-id="simple-banner-link" aria-label="Descarga por primera vez la APP y llévate 5€ de bienvenida al darte de alta, y además 20€ para hacer tu primera compra online." rel="external" href="https://www.dia.es/l/clubdia-app" type="SimpleBanner" is-tablet-portrait="false" is-s-mobile="false" products="" targeting="[object Object]"><img height="100%" width="100%" class="simple-banner__image--enabled simple-banner__image" data-test-id="simple-banner-image" src="./DIA_files/bannerhome_captacionAPP_desktop_v2_2025.png" title="Descarga por primera vez la APP y llévate 5€ de bienvenida al darte de alta, y además 20€ para hacer tu primera compra online." alt="Descarga por primera vez la APP y llévate 5€ de bienvenida al darte de alta, y además 20€ para hacer tu primera compra online."></a><!--]--></div></div><div class="dynamic-section" data-test-id="dynamic-section"><!----><div data-test-id="dynamic-section-components-container" class="dynamic-section__components-container"><!--[--><div class="web-text dynamic-section__element" data-test-id="web-text" index="0" content-id="1a2924d9-963f-4d6f-a865-e0bce20897f8" type="WebText" is-tablet-portrait="false" is-s-mobile="false" page-id="home" products="" targeting="[object Object]"><h2 class="web-text__headline" data-test-id="web-text-headline" aria-label="Ofertas y destacados para alegrarte el día">Ofertas y destacados para alegrarte el día</h2><!----></div><!--]--></div></div><div class="dynamic-section" data-test-id="dynamic-section"><!----><div data-test-id="dynamic-section-components-container" class="dynamic-section__components-container"><!--[--><div class="carrousel dynamic-section__element" data-test-id="product-carousel" aria-label="HomeCarouselw38pos3" index="0" content-id="ce903f86-d255-4c2f-97e0-69f1261bc10b" type="ProductCarousel" is-tablet-portrait="false" is-s-mobile="false" page-id="home" targeting="[object Object]"><div class="carrousel__global"><!----><div data-test-id="carousel-container" class="carrousel__container"><span data-test-id="carousel-prev-btn" class="carrousel__btn-left-disabled"></span><ul class="carrousel__list" style="overflow-y: auto"><!--[--><li class="carrousel__item"><div data-test-id="product-card-coupon-modal" class="search-product-card search-product-card__club-dia-border carrousel__card" brand="Central Lechera Asturiana" expiration_days="0" weight="0" isvisible="true"><div data-test-id="search-product-card-top-section" class="search-product-card__top-section"><div><p data-test-id="search-product-card-dia-club" class="search-product-card__dia-club">Oferta exclusiva CLUB Dia</p></div><div class="search-product-card__top-section-content"><!--[--><div data-test-id="add-to-list-button" class="add-to-list-button"><span data-test-id="add-to-list-button-simple-button" class="add-to-list-button__simple-button"><span class="add-to-list-button__simple-button--initial dia-icon-list"></span></span></div><!----><!--]--><a rel="external" href="https://www.dia.es/leche-huevos-y-mantequilla/leche/p/5716P6" data-test-id="search-product-card-image-url" class="search-product-card__product-image-link"><img width="176" height="176" data-test-id="search-product-card-image" class="search-product-card__product-image" src="./DIA_files/5716P6_ISO_0_ES.jpg" alt="Leche semidesnatada Central Lechera Asturiana pack 6 x 1.5 l"></a><a rel="external" href="https://www.dia.es/leche-huevos-y-mantequilla/leche/p/5716P6" data-test-id="search-product-card-name" class="search-product-card__product-link"><p class="search-product-card__product-name">Leche semidesnatada Central Lechera Asturiana pack 6 x 1.5 l</p></a><!----><!----></div></div><div data-test-id="search-product-card-bottom-section" class="search-product-card__bottom-section"><!--[--><div class="product-special-offer" data-test-id="product-special-offer"><!----><!----><div class="product-special-offer__discount-percentage" data-test-id="product-special-offer-discount-percentage"><p class="product-special-offer__strikethrough-price" data-test-id="product-special-offer-discount-percentage-strikethrough-price">11,10&nbsp;€</p><p class="product-special-offer__discount" data-test-id="product-special-offer-discount-percentage-discount">5% dto.</p></div><!----><!----></div><!----><!--]--><!----><div data-test-id="search-product-card-prices" class="search-product-card__prices"><p data-test-id="search-product-card-unit-price" class="search-product-card__active-price">10,50&nbsp;€</p><p data-test-id="search-product-card-kilo-price" class="search-product-card__price-per-unit"> (1,17&nbsp;€/LITRO) </p></div><div class="add-2-cart search-product-card__bottom-buttons" in-carousel="true"><button aria-label="add to cart button" class="add-2-cart__basic-button add-2-cart__basic-button--enabled" data-test-id="add2cart-basic-button">Añadir</button><!----></div></div></div></li><li class="carrousel__item"><div data-test-id="product-card-coupon-modal" class="search-product-card search-product-card__club-dia-border carrousel__card" brand="Red bull" expiration_days="0" weight="0" isvisible="true"><div data-test-id="search-product-card-top-section" class="search-product-card__top-section"><div><p data-test-id="search-product-card-dia-club" class="search-product-card__dia-club">Oferta exclusiva CLUB Dia</p></div><div class="search-product-card__top-section-content"><!--[--><div data-test-id="add-to-list-button" class="add-to-list-button"><span data-test-id="add-to-list-button-simple-button" class="add-to-list-button__simple-button"><span class="add-to-list-button__simple-button--initial dia-icon-list"></span></span></div><!----><!--]--><a rel="external" href="https://www.dia.es/agua-refrescos-y-zumos/bebidas-energeticas/p/54604" data-test-id="search-product-card-image-url" class="search-product-card__product-image-link"><img width="176" height="176" data-test-id="search-product-card-image" class="search-product-card__product-image" src="./DIA_files/54604_ISO_0_ES.jpg" alt="Bebida energética sin azúcar Red bull lata 250 ml"></a><a rel="external" href="https://www.dia.es/agua-refrescos-y-zumos/bebidas-energeticas/p/54604" data-test-id="search-product-card-name" class="search-product-card__product-link"><p class="search-product-card__product-name">Bebida energética sin azúcar Red bull lata 250 ml</p></a><!----><!----></div></div><div data-test-id="search-product-card-bottom-section" class="search-product-card__bottom-section"><!--[--><div class="product-special-offer" data-test-id="product-special-offer"><!----><div class="product-special-offer__promotion" data-test-id="product-special-offer-promotion"><p class="product-special-offer__promotion-title" data-test-id="product-special-offer-promotion-title">3X2 SELECCIÓN RED BULL</p></div><!----><!----><!----></div><!----><!--]--><!----><div data-test-id="search-product-card-prices" class="search-product-card__prices"><p data-test-id="search-product-card-unit-price" class="search-product-card__active-price">1,59&nbsp;€</p><p data-test-id="search-product-card-kilo-price" class="search-product-card__price-per-unit"> (6,36&nbsp;€/LITRO) </p></div><div class="add-2-cart search-product-card__bottom-buttons" in-carousel="true"><button aria-label="add to cart button" class="add-2-cart__basic-button add-2-cart__basic-button--enabled" data-test-id="add2cart-basic-button">Añadir</button><!----></div></div></div></li><li class="carrousel__item"><div data-test-id="product-card-coupon-modal" class="search-product-card search-product-card__club-dia-border carrousel__card" brand="Coosur" expiration_days="0" weight="0" isvisible="true"><div data-test-id="search-product-card-top-section" class="search-product-card__top-section"><div><p data-test-id="search-product-card-dia-club" class="search-product-card__dia-club">Oferta exclusiva CLUB Dia</p></div><div class="search-product-card__top-section-content"><!--[--><div data-test-id="add-to-list-button" class="add-to-list-button"><span data-test-id="add-to-list-button-simple-button" class="add-to-list-button__simple-button"><span class="add-to-list-button__simple-button--initial dia-icon-list"></span></span></div><!----><!--]--><a rel="external" href="https://www.dia.es/aceites-salsas-y-especias/aceites/p/104653" data-test-id="search-product-card-image-url" class="search-product-card__product-image-link"><img width="176" height="176" data-test-id="search-product-card-image" class="search-product-card__product-image" src="./DIA_files/104653_ISO_0_ES.jpg" alt="Aceite de oliva virgen extra hojiblanca Coosur botella 1 l"></a><a rel="external" href="https://www.dia.es/aceites-salsas-y-especias/aceites/p/104653" data-test-id="search-product-card-name" class="search-product-card__product-link"><p class="search-product-card__product-name">Aceite de oliva virgen extra hojiblanca Coosur botella 1 l</p></a><!----><!----></div></div><div data-test-id="search-product-card-bottom-section" class="search-product-card__bottom-section"><!--[--><div class="product-special-offer" data-test-id="product-special-offer"><!----><!----><div class="product-special-offer__discount-percentage" data-test-id="product-special-offer-discount-percentage"><p class="product-special-offer__strikethrough-price" data-test-id="product-special-offer-discount-percentage-strikethrough-price">7,29&nbsp;€</p><p class="product-special-offer__discount" data-test-id="product-special-offer-discount-percentage-discount">30% dto.</p></div><!----><!----></div><!----><!--]--><!----><div data-test-id="search-product-card-prices" class="search-product-card__prices"><p data-test-id="search-product-card-unit-price" class="search-product-card__active-price">5,10&nbsp;€</p><p data-test-id="search-product-card-kilo-price" class="search-product-card__price-per-unit"> (5,10&nbsp;€/LITRO) </p></div><div class="add-2-cart search-product-card__bottom-buttons" in-carousel="true"><button aria-label="add to cart button" class="add-2-cart__basic-button add-2-cart__basic-button--enabled" data-test-id="add2cart-basic-button">Añadir</button><!----></div></div></div></li><li class="carrousel__item"><div data-test-id="product-card-coupon-modal" class="search-product-card search-product-card__club-dia-border carrousel__card" brand="Carretilla" expiration_days="0" weight="0" isvisible="true"><div data-test-id="search-product-card-top-section" class="search-product-card__top-section"><div><p data-test-id="search-product-card-dia-club" class="search-product-card__dia-club">Oferta exclusiva CLUB Dia</p></div><div class="search-product-card__top-section-content"><!--[--><div data-test-id="add-to-list-button" class="add-to-list-button"><span data-test-id="add-to-list-button-simple-button" class="add-to-list-button__simple-button"><span class="add-to-list-button__simple-button--initial dia-icon-list"></span></span></div><!----><!--]--><a rel="external" href="https://www.dia.es/conservas-caldos-y-cremas/conservas-vegetales/p/82533" data-test-id="search-product-card-image-url" class="search-product-card__product-image-link"><img width="176" height="176" data-test-id="search-product-card-image" class="search-product-card__product-image" src="./DIA_files/82533_ISO_0_ES.jpg" alt="Espárragos blancos extra calibre grueso 8/12 piezas Carretilla frasco 205 g"></a><a rel="external" href="https://www.dia.es/conservas-caldos-y-cremas/conservas-vegetales/p/82533" data-test-id="search-product-card-name" class="search-product-card__product-link"><p class="search-product-card__product-name">Espárragos blancos extra calibre grueso 8/12 piezas Carretilla frasco 205 g</p></a><!----><!----></div></div><div data-test-id="search-product-card-bottom-section" class="search-product-card__bottom-section"><!--[--><div class="product-special-offer" data-test-id="product-special-offer"><!----><div class="product-special-offer__promotion" data-test-id="product-special-offer-promotion"><p class="product-special-offer__promotion-title" data-test-id="product-special-offer-promotion-title">2ª UD AL 50% DTO. EN CARRETILLA</p></div><!----><!----><!----></div><!----><!--]--><!----><div data-test-id="search-product-card-prices" class="search-product-card__prices"><p data-test-id="search-product-card-unit-price" class="search-product-card__active-price">3,49&nbsp;€</p><p data-test-id="search-product-card-kilo-price" class="search-product-card__price-per-unit"> (17,02&nbsp;€/KILO) </p></div><div class="add-2-cart search-product-card__bottom-buttons" in-carousel="true"><button aria-label="add to cart button" class="add-2-cart__basic-button add-2-cart__basic-button--enabled" data-test-id="add2cart-basic-button">Añadir</button><!----></div></div></div></li><li class="carrousel__item"><div data-test-id="product-card-coupon-modal" class="search-product-card search-product-card__club-dia-border carrousel__card" brand="Calvo" expiration_days="0" weight="0" isvisible="true"><div data-test-id="search-product-card-top-section" class="search-product-card__top-section"><div><p data-test-id="search-product-card-dia-club" class="search-product-card__dia-club">Oferta exclusiva CLUB Dia</p></div><div class="search-product-card__top-section-content"><!--[--><div data-test-id="add-to-list-button" class="add-to-list-button"><span data-test-id="add-to-list-button-simple-button" class="add-to-list-button__simple-button"><span class="add-to-list-button__simple-button--initial dia-icon-list"></span></span></div><!----><!--]--><a rel="external" href="https://www.dia.es/conservas-caldos-y-cremas/atun-bonito-y-caballa/p/61500" data-test-id="search-product-card-image-url" class="search-product-card__product-image-link"><img width="176" height="176" data-test-id="search-product-card-image" class="search-product-card__product-image" src="./DIA_files/61500_ISO_0_ES.jpg" alt="Atún claro en aceite de oliva Calvo lata 3 x 52 g"></a><a rel="external" href="https://www.dia.es/conservas-caldos-y-cremas/atun-bonito-y-caballa/p/61500" data-test-id="search-product-card-name" class="search-product-card__product-link"><p class="search-product-card__product-name">Atún claro en aceite de oliva Calvo lata 3 x 52 g</p></a><!----><!----></div></div><div data-test-id="search-product-card-bottom-section" class="search-product-card__bottom-section"><!--[--><div class="product-special-offer" data-test-id="product-special-offer"><!----><div class="product-special-offer__promotion" data-test-id="product-special-offer-promotion"><p class="product-special-offer__promotion-title" data-test-id="product-special-offer-promotion-title">2ª UD AL 50% DTO. ATÚN A.OLIVA CALVO 3 X 52 G</p></div><!----><!----><!----></div><!----><!--]--><!----><div data-test-id="search-product-card-prices" class="search-product-card__prices"><p data-test-id="search-product-card-unit-price" class="search-product-card__active-price">4,45&nbsp;€</p><p data-test-id="search-product-card-kilo-price" class="search-product-card__price-per-unit"> (28,53&nbsp;€/KILO) </p></div><div class="add-2-cart search-product-card__bottom-buttons" in-carousel="true"><button aria-label="add to cart button" class="add-2-cart__basic-button add-2-cart__basic-button--enabled" data-test-id="add2cart-basic-button">Añadir</button><!----></div></div></div></li><li class="carrousel__item"><div data-test-id="product-card-coupon-modal" class="search-product-card search-product-card__club-dia-border carrousel__card" brand="Coca-Cola" expiration_days="0" weight="0" isvisible="true"><div data-test-id="search-product-card-top-section" class="search-product-card__top-section"><div><p data-test-id="search-product-card-dia-club" class="search-product-card__dia-club">Oferta exclusiva CLUB Dia</p></div><div class="search-product-card__top-section-content"><!--[--><div data-test-id="add-to-list-button" class="add-to-list-button"><span data-test-id="add-to-list-button-simple-button" class="add-to-list-button__simple-button"><span class="add-to-list-button__simple-button--initial dia-icon-list"></span></span></div><!----><!--]--><a rel="external" href="https://www.dia.es/agua-refrescos-y-zumos/cola/p/79802" data-test-id="search-product-card-image-url" class="search-product-card__product-image-link"><img width="176" height="176" data-test-id="search-product-card-image" class="search-product-card__product-image" src="./DIA_files/79802_ISO_0_ES.jpg" alt="Refresco de cola zero azúcar Coca-Cola lata 12 x 33 cl"></a><a rel="external" href="https://www.dia.es/agua-refrescos-y-zumos/cola/p/79802" data-test-id="search-product-card-name" class="search-product-card__product-link"><p class="search-product-card__product-name">Refresco de cola zero azúcar Coca-Cola lata 12 x 33 cl</p></a><!----><!----></div></div><div data-test-id="search-product-card-bottom-section" class="search-product-card__bottom-section"><!--[--><div class="product-special-offer" data-test-id="product-special-offer"><!----><!----><div class="product-special-offer__discount-percentage" data-test-id="product-special-offer-discount-percentage"><p class="product-special-offer__strikethrough-price" data-test-id="product-special-offer-discount-percentage-strikethrough-price">10,80&nbsp;€</p><p class="product-special-offer__discount" data-test-id="product-special-offer-discount-percentage-discount">7% dto.</p></div><!----><!----></div><!----><!--]--><!----><div data-test-id="search-product-card-prices" class="search-product-card__prices"><p data-test-id="search-product-card-unit-price" class="search-product-card__active-price">9,96&nbsp;€</p><p data-test-id="search-product-card-kilo-price" class="search-product-card__price-per-unit"> (2,52&nbsp;€/LITRO) </p></div><div class="add-2-cart search-product-card__bottom-buttons" in-carousel="true"><button aria-label="add to cart button" class="add-2-cart__basic-button add-2-cart__basic-button--enabled" data-test-id="add2cart-basic-button">Añadir</button><!----></div></div></div></li><li class="carrousel__item"><div data-test-id="product-card-coupon-modal" class="search-product-card search-product-card__club-dia-border carrousel__card" brand="Mahou" expiration_days="0" weight="0" isvisible="true"><div data-test-id="search-product-card-top-section" class="search-product-card__top-section"><div><p data-test-id="search-product-card-dia-club" class="search-product-card__dia-club">Oferta exclusiva CLUB Dia</p></div><div class="search-product-card__top-section-content"><!--[--><div data-test-id="add-to-list-button" class="add-to-list-button"><span data-test-id="add-to-list-button-simple-button" class="add-to-list-button__simple-button"><span class="add-to-list-button__simple-button--initial dia-icon-list"></span></span></div><!----><!--]--><a rel="external" href="https://www.dia.es/cervezas-vinos-y-bebidas-con-alcohol/cervezas-sin-alcohol/p/259450" data-test-id="search-product-card-image-url" class="search-product-card__product-image-link"><img width="176" height="176" data-test-id="search-product-card-image" class="search-product-card__product-image" src="./DIA_files/259450_ISO_0_ES.jpg" alt="Cerveza tostada 0,0% alcohol Mahou lata 12 x 33 cl"></a><a rel="external" href="https://www.dia.es/cervezas-vinos-y-bebidas-con-alcohol/cervezas-sin-alcohol/p/259450" data-test-id="search-product-card-name" class="search-product-card__product-link"><p class="search-product-card__product-name">Cerveza tostada 0,0% alcohol Mahou lata 12 x 33 cl</p></a><!----><!----></div></div><div data-test-id="search-product-card-bottom-section" class="search-product-card__bottom-section"><!--[--><div class="product-special-offer" data-test-id="product-special-offer"><!----><!----><div class="product-special-offer__discount-percentage" data-test-id="product-special-offer-discount-percentage"><p class="product-special-offer__strikethrough-price" data-test-id="product-special-offer-discount-percentage-strikethrough-price">9,75&nbsp;€</p><p class="product-special-offer__discount" data-test-id="product-special-offer-discount-percentage-discount">20% dto.</p></div><!----><!----></div><!----><!--]--><!----><div data-test-id="search-product-card-prices" class="search-product-card__prices"><p data-test-id="search-product-card-unit-price" class="search-product-card__active-price">7,78&nbsp;€</p><p data-test-id="search-product-card-kilo-price" class="search-product-card__price-per-unit"> (1,96&nbsp;€/LITRO) </p></div><div class="add-2-cart search-product-card__bottom-buttons" in-carousel="true"><button aria-label="add to cart button" class="add-2-cart__basic-button add-2-cart__basic-button--enabled" data-test-id="add2cart-basic-button">Añadir</button><!----></div></div></div></li><li class="carrousel__item"><a class="carrousel__fallback-item" href="https://www.dia.es/cervezas-vinos-y-bebidas-con-alcohol/cervezas/p/186607" aria-label="Cerveza clásica Mahou lata 24 x 33 cl">Cerveza clásica Mahou lata 24 x 33 cl</a></li><li class="carrousel__item"><a class="carrousel__fallback-item" href="https://www.dia.es/aceites-salsas-y-especias/mayonesa-ketchup-y-otras-salsas/p/101007" aria-label="Gran mayonesa Hellmanns frasco 450 ml">Gran mayonesa Hellmanns frasco 450 ml</a></li><li class="carrousel__item"><a class="carrousel__fallback-item" href="https://www.dia.es/patatas-fritas-encurtidos-y-frutos-secos/patatas-fritas-y-aperitivos/p/188945" aria-label="Nachos sabor a queso Doritos bolsa 225 g">Nachos sabor a queso Doritos bolsa 225 g</a></li><li class="carrousel__item"><a class="carrousel__fallback-item" href="https://www.dia.es/patatas-fritas-encurtidos-y-frutos-secos/patatas-fritas-y-aperitivos/p/184167" aria-label="Patatas fritas onduladas sabor a jamón Ruffles bolsa 243 g">Patatas fritas onduladas sabor a jamón Ruffles bolsa 243 g</a></li><li class="carrousel__item"><a class="carrousel__fallback-item" href="https://www.dia.es/agua-refrescos-y-zumos/bebidas-isotonicas/p/39737" aria-label="Bebida refrescante de limón Aquarius botella 1.5 l">Bebida refrescante de limón Aquarius botella 1.5 l</a></li><!--]--></ul><span data-test-id="carousel-next-btn" class="carrousel__btn-right dia-icon-keyboard_arrow_right"></span></div><!----><div class="add-product-to-lists-all-modals" data-test-id="add-product-to-lists-all-modals"><!----><!----><!----></div><!----></div></div><!--]--></div></div><div class="dynamic-section" data-test-id="dynamic-section"><!----><div data-test-id="dynamic-section-components-container" class="dynamic-section__components-container"><!--[--><a class="simple-banner simple-banner__home-padding dynamic-section__element" data-test-id="simple-banner-link" aria-label="Ofertas en fruta y verdura Dia.es" rel="external" href="https://www.dia.es/search?q=descubre%20precios%20rebajados%20fruta%20y%20verdura" type="SimpleBanner" is-tablet-portrait="false" is-s-mobile="false" products="" targeting="[object Object]"><!----></a><!--]--></div></div><div class="dynamic-section" data-test-id="dynamic-section"><!----><div data-test-id="dynamic-section-components-container" class="dynamic-section__components-container"><!--[--><div class="web-text dynamic-section__element" data-test-id="web-text" index="0" content-id="2109be1a-1e89-4225-b9be-dcc037383951" type="WebText" is-tablet-portrait="false" is-s-mobile="false" page-id="home" products="" targeting="[object Object]"><h2 class="web-text__headline" data-test-id="web-text-headline" aria-label="Diariamente frescos">Diariamente frescos</h2><!----></div><!--]--></div></div><div class="dynamic-section" data-test-id="dynamic-section"><!----><div data-test-id="dynamic-section-components-container" class="dynamic-section__components-container"><!--[--><div class="carrousel dynamic-section__element" data-test-id="product-carousel" aria-label="HomeCarouselfrescosw38pos6" index="0" content-id="94cb2aba-b0ee-446c-a32d-17bf120f61b6" type="ProductCarousel" is-tablet-portrait="false" is-s-mobile="false" page-id="home" targeting="[object Object]"><div class="carrousel__global"><!----><div data-test-id="carousel-container" class="carrousel__container"><span data-test-id="carousel-prev-btn" class="carrousel__btn-left-disabled"></span><ul class="carrousel__list" style="overflow-y: auto"><!--[--><li class="carrousel__item"><div data-test-id="product-card-coupon-modal" class="search-product-card search-product-card__club-dia-border carrousel__card" brand="Selección de Dia" expiration_days="0" weight="0" isvisible="true"><div data-test-id="search-product-card-top-section" class="search-product-card__top-section"><div><p data-test-id="search-product-card-dia-club" class="search-product-card__dia-club">Oferta Dia</p></div><div class="search-product-card__top-section-content"><!--[--><div data-test-id="add-to-list-button" class="add-to-list-button"><span data-test-id="add-to-list-button-simple-button" class="add-to-list-button__simple-button"><span class="add-to-list-button__simple-button--initial dia-icon-list"></span></span></div><!----><!--]--><a rel="external" href="https://www.dia.es/carniceria/cerdo/p/32912" data-test-id="search-product-card-image-url" class="search-product-card__product-image-link"><img width="176" height="176" data-test-id="search-product-card-image" class="search-product-card__product-image" src="./DIA_files/32912_ISO_0_ES.jpg" alt="Chistorra de navarra Selección de Dia bolsa 220 g"></a><a rel="external" href="https://www.dia.es/carniceria/cerdo/p/32912" data-test-id="search-product-card-name" class="search-product-card__product-link"><p class="search-product-card__product-name">Chistorra de navarra Selección de Dia bolsa 220 g</p></a><!----><!----></div></div><div data-test-id="search-product-card-bottom-section" class="search-product-card__bottom-section"><!--[--><div class="product-special-offer" data-test-id="product-special-offer"><!----><!----><div class="product-special-offer__discount-percentage" data-test-id="product-special-offer-discount-percentage"><p class="product-special-offer__strikethrough-price" data-test-id="product-special-offer-discount-percentage-strikethrough-price">1,69&nbsp;€</p><p class="product-special-offer__discount" data-test-id="product-special-offer-discount-percentage-discount">20% dto.</p></div><!----><!----></div><!----><!--]--><!----><div data-test-id="search-product-card-prices" class="search-product-card__prices"><p data-test-id="search-product-card-unit-price" class="search-product-card__active-price">1,35&nbsp;€</p><p data-test-id="search-product-card-kilo-price" class="search-product-card__price-per-unit"> (6,14&nbsp;€/KILO) </p></div><div class="add-2-cart search-product-card__bottom-buttons" in-carousel="true"><button aria-label="add to cart button" class="add-2-cart__basic-button add-2-cart__basic-button--enabled" data-test-id="add2cart-basic-button">Añadir</button><!----></div></div></div></li><li class="carrousel__item"><div data-test-id="product-card-coupon-modal" class="search-product-card search-product-card__club-dia-border carrousel__card" brand="Selección de Dia" expiration_days="0" weight="0" isvisible="true"><div data-test-id="search-product-card-top-section" class="search-product-card__top-section"><div><p data-test-id="search-product-card-dia-club" class="search-product-card__dia-club">Oferta Dia</p></div><div class="search-product-card__top-section-content"><!--[--><div data-test-id="add-to-list-button" class="add-to-list-button"><span data-test-id="add-to-list-button-simple-button" class="add-to-list-button__simple-button"><span class="add-to-list-button__simple-button--initial dia-icon-list"></span></span></div><!----><!--]--><a rel="external" href="https://www.dia.es/carniceria/hamburguesas-y-carne-picada/p/291140" data-test-id="search-product-card-image-url" class="search-product-card__product-image-link"><img width="176" height="176" data-test-id="search-product-card-image" class="search-product-card__product-image" src="./DIA_files/291140_ISO_0_ES.jpg" alt="Preparado de carne picada de pollo Selección de Dia bandeja 365 g"></a><a rel="external" href="https://www.dia.es/carniceria/hamburguesas-y-carne-picada/p/291140" data-test-id="search-product-card-name" class="search-product-card__product-link"><p class="search-product-card__product-name">Preparado de carne picada de pollo Selección de Dia bandeja 365 g</p></a><!----><!----></div></div><div data-test-id="search-product-card-bottom-section" class="search-product-card__bottom-section"><!--[--><div class="product-special-offer" data-test-id="product-special-offer"><!----><!----><div class="product-special-offer__discount-percentage" data-test-id="product-special-offer-discount-percentage"><p class="product-special-offer__strikethrough-price" data-test-id="product-special-offer-discount-percentage-strikethrough-price">2,99&nbsp;€</p><p class="product-special-offer__discount" data-test-id="product-special-offer-discount-percentage-discount">20% dto.</p></div><!----><!----></div><!----><!--]--><!----><div data-test-id="search-product-card-prices" class="search-product-card__prices"><p data-test-id="search-product-card-unit-price" class="search-product-card__active-price">2,39&nbsp;€</p><p data-test-id="search-product-card-kilo-price" class="search-product-card__price-per-unit"> (6,55&nbsp;€/KILO) </p></div><div class="add-2-cart search-product-card__bottom-buttons" in-carousel="true"><button aria-label="add to cart button" class="add-2-cart__basic-button add-2-cart__basic-button--enabled" data-test-id="add2cart-basic-button">Añadir</button><!----></div></div></div></li><li class="carrousel__item"><div data-test-id="product-card-coupon-modal" class="search-product-card search-product-card__dia-border carrousel__card" expiration_days="0" weight="0" isvisible="true"><div data-test-id="search-product-card-top-section" class="search-product-card__top-section"><div class="search-product-card__aux-head"></div><div class="search-product-card__top-section-content"><!--[--><div data-test-id="add-to-list-button" class="add-to-list-button"><span data-test-id="add-to-list-button-simple-button" class="add-to-list-button__simple-button"><span class="add-to-list-button__simple-button--initial dia-icon-list"></span></span></div><!----><!--]--><a rel="external" href="https://www.dia.es/frutas/platanos/p/11468" data-test-id="search-product-card-image-url" class="search-product-card__product-image-link"><img width="176" height="176" data-test-id="search-product-card-image" class="search-product-card__product-image" src="./DIA_files/11468_ISO_0_ES.jpg" alt="Plátano de canarias bolsa 1 Kg aprox."></a><a rel="external" href="https://www.dia.es/frutas/platanos/p/11468" data-test-id="search-product-card-name" class="search-product-card__product-link"><p class="search-product-card__product-name">Plátano de canarias bolsa 1 Kg aprox.</p></a><!----><!----></div></div><div data-test-id="search-product-card-bottom-section" class="search-product-card__bottom-section"><!--[--><div class="product-special-offer" data-test-id="product-special-offer"><!----><!----><!----><!----><!----></div><!----><!--]--><!----><div data-test-id="search-product-card-prices" class="search-product-card__prices"><p data-test-id="search-product-card-unit-price" class="search-product-card__active-price">1,39&nbsp;€</p><p data-test-id="search-product-card-kilo-price" class="search-product-card__price-per-unit"> (1,39&nbsp;€/KILO) </p></div><div class="add-2-cart search-product-card__bottom-buttons" in-carousel="true"><button aria-label="add to cart button" class="add-2-cart__basic-button add-2-cart__basic-button--enabled" data-test-id="add2cart-basic-button">Añadir</button><!----></div></div></div></li><li class="carrousel__item"><div data-test-id="product-card-coupon-modal" class="search-product-card search-product-card__dia-border carrousel__card" expiration_days="0" weight="0" isvisible="true"><div data-test-id="search-product-card-top-section" class="search-product-card__top-section"><div class="search-product-card__aux-head"></div><div class="search-product-card__top-section-content"><!--[--><div data-test-id="add-to-list-button" class="add-to-list-button"><span data-test-id="add-to-list-button-simple-button" class="add-to-list-button__simple-button"><span class="add-to-list-button__simple-button--initial dia-icon-list"></span></span></div><!----><!--]--><a rel="external" href="https://www.dia.es/frutas/naranjas-y-mandarinas/p/206952" data-test-id="search-product-card-image-url" class="search-product-card__product-image-link"><img width="176" height="176" data-test-id="search-product-card-image" class="search-product-card__product-image" src="./DIA_files/206952_ISO_0_ES.jpg" alt="Mandarina Selección malla 750 g"></a><a rel="external" href="https://www.dia.es/frutas/naranjas-y-mandarinas/p/206952" data-test-id="search-product-card-name" class="search-product-card__product-link"><p class="search-product-card__product-name">Mandarina Selección malla 750 g</p></a><!----><!----></div></div><div data-test-id="search-product-card-bottom-section" class="search-product-card__bottom-section"><!--[--><div class="product-special-offer" data-test-id="product-special-offer"><!----><!----><!----><!----><!----></div><!----><!--]--><!----><div data-test-id="search-product-card-prices" class="search-product-card__prices"><p data-test-id="search-product-card-unit-price" class="search-product-card__active-price">1,99&nbsp;€</p><p data-test-id="search-product-card-kilo-price" class="search-product-card__price-per-unit"> (2,65&nbsp;€/KILO) </p></div><div class="add-2-cart search-product-card__bottom-buttons" in-carousel="true"><button aria-label="add to cart button" class="add-2-cart__basic-button add-2-cart__basic-button--enabled" data-test-id="add2cart-basic-button">Añadir</button><!----></div></div></div></li><li class="carrousel__item"><div data-test-id="product-card-coupon-modal" class="search-product-card search-product-card__dia-border carrousel__card" expiration_days="0" weight="0" isvisible="true"><div data-test-id="search-product-card-top-section" class="search-product-card__top-section"><div class="search-product-card__aux-head"></div><div class="search-product-card__top-section-content"><!--[--><div data-test-id="add-to-list-button" class="add-to-list-button"><span data-test-id="add-to-list-button-simple-button" class="add-to-list-button__simple-button"><span class="add-to-list-button__simple-button--initial dia-icon-list"></span></span></div><!----><!--]--><a rel="external" href="https://www.dia.es/frutas/manzanas/p/11466" data-test-id="search-product-card-image-url" class="search-product-card__product-image-link"><img width="176" height="176" data-test-id="search-product-card-image" class="search-product-card__product-image" src="./DIA_files/11466_ISO_0_ES.jpg" alt="Manzana roja bolsa 1 Kg"></a><a rel="external" href="https://www.dia.es/frutas/manzanas/p/11466" data-test-id="search-product-card-name" class="search-product-card__product-link"><p class="search-product-card__product-name">Manzana roja bolsa 1 Kg</p></a><!----><!----></div></div><div data-test-id="search-product-card-bottom-section" class="search-product-card__bottom-section"><!--[--><div class="product-special-offer" data-test-id="product-special-offer"><!----><!----><!----><!----><!----></div><!----><!--]--><!----><div data-test-id="search-product-card-prices" class="search-product-card__prices"><p data-test-id="search-product-card-unit-price" class="search-product-card__active-price">1,49&nbsp;€</p><p data-test-id="search-product-card-kilo-price" class="search-product-card__price-per-unit"> (1,49&nbsp;€/KILO) </p></div><div class="add-2-cart search-product-card__bottom-buttons" in-carousel="true"><button aria-label="add to cart button" class="add-2-cart__basic-button add-2-cart__basic-button--enabled" data-test-id="add2cart-basic-button">Añadir</button><!----></div></div></div></li><li class="carrousel__item"><div data-test-id="product-card-coupon-modal" class="search-product-card search-product-card__dia-border carrousel__card" expiration_days="0" weight="0" isvisible="true"><div data-test-id="search-product-card-top-section" class="search-product-card__top-section"><div class="search-product-card__aux-head"></div><div class="search-product-card__top-section-content"><!--[--><div data-test-id="add-to-list-button" class="add-to-list-button"><span data-test-id="add-to-list-button-simple-button" class="add-to-list-button__simple-button"><span class="add-to-list-button__simple-button--initial dia-icon-list"></span></span></div><!----><!--]--><a rel="external" href="https://www.dia.es/frutas/frutas-tropicales/p/166057" data-test-id="search-product-card-image-url" class="search-product-card__product-image-link"><img width="176" height="176" data-test-id="search-product-card-image" class="search-product-card__product-image" src="./DIA_files/166057_ISO_0_ES.jpg" alt="Mango bandeja 600 g"></a><a rel="external" href="https://www.dia.es/frutas/frutas-tropicales/p/166057" data-test-id="search-product-card-name" class="search-product-card__product-link"><p class="search-product-card__product-name">Mango bandeja 600 g</p></a><!----><!----></div></div><div data-test-id="search-product-card-bottom-section" class="search-product-card__bottom-section"><!--[--><div class="product-special-offer" data-test-id="product-special-offer"><!----><!----><!----><!----><!----></div><!----><!--]--><!----><div data-test-id="search-product-card-prices" class="search-product-card__prices"><p data-test-id="search-product-card-unit-price" class="search-product-card__active-price">1,49&nbsp;€</p><p data-test-id="search-product-card-kilo-price" class="search-product-card__price-per-unit"> (2,48&nbsp;€/KILO) </p></div><div class="add-2-cart search-product-card__bottom-buttons" in-carousel="true"><button aria-label="add to cart button" class="add-2-cart__basic-button add-2-cart__basic-button--enabled" data-test-id="add2cart-basic-button">Añadir</button><!----></div></div></div></li><li class="carrousel__item"><div data-test-id="product-card-coupon-modal" class="search-product-card search-product-card__dia-border carrousel__card" expiration_days="0" weight="0" isvisible="true"><div data-test-id="search-product-card-top-section" class="search-product-card__top-section"><div class="search-product-card__aux-head"></div><div class="search-product-card__top-section-content"><!--[--><div data-test-id="add-to-list-button" class="add-to-list-button"><span data-test-id="add-to-list-button-simple-button" class="add-to-list-button__simple-button"><span class="add-to-list-button__simple-button--initial dia-icon-list"></span></span></div><!----><!--]--><a rel="external" href="https://www.dia.es/verduras/ajos-cebollas-y-puerros/p/193474" data-test-id="search-product-card-image-url" class="search-product-card__product-image-link"><img width="176" height="176" data-test-id="search-product-card-image" class="search-product-card__product-image" src="./DIA_files/193474_ISO_0_ES.jpg" alt="Cebolla malla 1.5 Kg"></a><a rel="external" href="https://www.dia.es/verduras/ajos-cebollas-y-puerros/p/193474" data-test-id="search-product-card-name" class="search-product-card__product-link"><p class="search-product-card__product-name">Cebolla malla 1.5 Kg</p></a><!----><!----></div></div><div data-test-id="search-product-card-bottom-section" class="search-product-card__bottom-section"><!--[--><div class="product-special-offer" data-test-id="product-special-offer"><!----><!----><!----><!----><!----></div><!----><!--]--><!----><div data-test-id="search-product-card-prices" class="search-product-card__prices"><p data-test-id="search-product-card-unit-price" class="search-product-card__active-price">1,99&nbsp;€</p><p data-test-id="search-product-card-kilo-price" class="search-product-card__price-per-unit"> (1,33&nbsp;€/KILO) </p></div><div class="add-2-cart search-product-card__bottom-buttons" in-carousel="true"><button aria-label="add to cart button" class="add-2-cart__basic-button add-2-cart__basic-button--enabled" data-test-id="add2cart-basic-button">Añadir</button><!----></div></div></div></li><li class="carrousel__item"><a class="carrousel__fallback-item" href="https://www.dia.es/verduras/patatas-y-zanahorias/p/248458" aria-label="Patata especial para freir malla 2 Kg">Patata especial para freir malla 2 Kg</a></li><li class="carrousel__item"><a class="carrousel__fallback-item" href="https://www.dia.es/verduras/tomates-pimientos-y-pepinos/p/109" aria-label="Tomate en rama granel 1 Kg aprox.">Tomate en rama granel 1 Kg aprox.</a></li><li class="carrousel__item"><a class="carrousel__fallback-item" href="https://www.dia.es/verduras/tomates-pimientos-y-pepinos/p/102283" aria-label="Pimientos tricolor bolsa 500 g">Pimientos tricolor bolsa 500 g</a></li><!--]--></ul><span data-test-id="carousel-next-btn" class="carrousel__btn-right dia-icon-keyboard_arrow_right"></span></div><!----><div class="add-product-to-lists-all-modals" data-test-id="add-product-to-lists-all-modals"><!----><!----><!----></div><!----></div></div><!--]--></div></div><div class="dynamic-section" data-test-id="dynamic-section"><!----><div data-test-id="dynamic-section-components-container" class="dynamic-section__components-container"><!--[--><div class="web-text dynamic-section__element" data-test-id="web-text" index="0" content-id="07d4c894-92cb-4693-9285-27086354901c" type="WebText" is-tablet-portrait="false" is-s-mobile="false" page-id="home" products="" targeting="[object Object]"><h2 class="web-text__headline" data-test-id="web-text-headline" aria-label="Ofertas 20% en Nueva Calidad Dia">Ofertas 20% en Nueva Calidad Dia</h2><!----></div><!--]--></div></div><div class="dynamic-section" data-test-id="dynamic-section"><!----><div data-test-id="dynamic-section-components-container" class="dynamic-section__components-container"><!--[--><div class="carrousel dynamic-section__element" data-test-id="product-carousel" aria-label="HomeCarouselmddw38pos8" index="0" content-id="01582885-1bcc-4a62-84c8-9d304a73ca4f" type="ProductCarousel" is-tablet-portrait="false" is-s-mobile="false" page-id="home" targeting="[object Object]"><div class="carrousel__global"><!----><div data-test-id="carousel-container" class="carrousel__container"><span data-test-id="carousel-prev-btn" class="carrousel__btn-left-disabled"></span><ul class="carrousel__list" style="overflow-y: auto"><!--[--><li class="carrousel__item"><div data-test-id="product-card-coupon-modal" class="search-product-card search-product-card__club-dia-border carrousel__card" brand="Al Punto Dia" expiration_days="0" weight="0" isvisible="true"><div data-test-id="search-product-card-top-section" class="search-product-card__top-section"><div><p data-test-id="search-product-card-dia-club" class="search-product-card__dia-club">Oferta exclusiva CLUB Dia</p></div><div class="search-product-card__top-section-content"><!--[--><div data-test-id="add-to-list-button" class="add-to-list-button"><span data-test-id="add-to-list-button-simple-button" class="add-to-list-button__simple-button"><span class="add-to-list-button__simple-button--initial dia-icon-list"></span></span></div><!----><!--]--><a rel="external" href="https://www.dia.es/congelados/verduras-hortalizas-y-salteados/p/267133" data-test-id="search-product-card-image-url" class="search-product-card__product-image-link"><img width="176" height="176" data-test-id="search-product-card-image" class="search-product-card__product-image" src="./DIA_files/267133_ISO_0_ES.jpg" alt="Parrillada de verduras asadas Al Punto Dia bolsa 400 g"></a><a rel="external" href="https://www.dia.es/congelados/verduras-hortalizas-y-salteados/p/267133" data-test-id="search-product-card-name" class="search-product-card__product-link"><p class="search-product-card__product-name">Parrillada de verduras asadas Al Punto Dia bolsa 400 g</p></a><!----><!----></div></div><div data-test-id="search-product-card-bottom-section" class="search-product-card__bottom-section"><!--[--><div class="product-special-offer" data-test-id="product-special-offer"><!----><!----><div class="product-special-offer__discount-percentage" data-test-id="product-special-offer-discount-percentage"><p class="product-special-offer__strikethrough-price" data-test-id="product-special-offer-discount-percentage-strikethrough-price">1,55&nbsp;€</p><p class="product-special-offer__discount" data-test-id="product-special-offer-discount-percentage-discount">20% dto.</p></div><!----><!----></div><!----><!--]--><!----><div data-test-id="search-product-card-prices" class="search-product-card__prices"><p data-test-id="search-product-card-unit-price" class="search-product-card__active-price">1,24&nbsp;€</p><p data-test-id="search-product-card-kilo-price" class="search-product-card__price-per-unit"> (3,10&nbsp;€/KILO) </p></div><div class="add-2-cart search-product-card__bottom-buttons" in-carousel="true"><button aria-label="add to cart button" class="add-2-cart__basic-button add-2-cart__basic-button--enabled" data-test-id="add2cart-basic-button">Añadir</button><!----></div></div></div></li><li class="carrousel__item"><div data-test-id="product-card-coupon-modal" class="search-product-card search-product-card__club-dia-border carrousel__card" brand="Patatas Unidas Dia" expiration_days="0" weight="0" isvisible="true"><div data-test-id="search-product-card-top-section" class="search-product-card__top-section"><div><p data-test-id="search-product-card-dia-club" class="search-product-card__dia-club">Oferta exclusiva CLUB Dia</p></div><div class="search-product-card__top-section-content"><!--[--><div data-test-id="add-to-list-button" class="add-to-list-button"><span data-test-id="add-to-list-button-simple-button" class="add-to-list-button__simple-button"><span class="add-to-list-button__simple-button--initial dia-icon-list"></span></span></div><!----><!--]--><a rel="external" href="https://www.dia.es/congelados/patatas-fritas/p/262685" data-test-id="search-product-card-image-url" class="search-product-card__product-image-link"><img width="176" height="176" data-test-id="search-product-card-image" class="search-product-card__product-image" src="./DIA_files/262685_ISO_0_ES.jpg" alt="Patatas gajo Patatas Unidas Dia bolsa 750 g"></a><a rel="external" href="https://www.dia.es/congelados/patatas-fritas/p/262685" data-test-id="search-product-card-name" class="search-product-card__product-link"><p class="search-product-card__product-name">Patatas gajo Patatas Unidas Dia bolsa 750 g</p></a><p data-test-id="search-product-card-info" class="search-product-card__product-info">Sin gluten</p><!----></div></div><div data-test-id="search-product-card-bottom-section" class="search-product-card__bottom-section"><!--[--><div class="product-special-offer" data-test-id="product-special-offer"><!----><!----><div class="product-special-offer__discount-percentage" data-test-id="product-special-offer-discount-percentage"><p class="product-special-offer__strikethrough-price" data-test-id="product-special-offer-discount-percentage-strikethrough-price">1,80&nbsp;€</p><p class="product-special-offer__discount" data-test-id="product-special-offer-discount-percentage-discount">20% dto.</p></div><!----><!----></div><!----><!--]--><!----><div data-test-id="search-product-card-prices" class="search-product-card__prices"><p data-test-id="search-product-card-unit-price" class="search-product-card__active-price">1,44&nbsp;€</p><p data-test-id="search-product-card-kilo-price" class="search-product-card__price-per-unit"> (1,92&nbsp;€/KILO) </p></div><div class="add-2-cart search-product-card__bottom-buttons" in-carousel="true"><button aria-label="add to cart button" class="add-2-cart__basic-button add-2-cart__basic-button--enabled" data-test-id="add2cart-basic-button">Añadir</button><!----></div></div></div></li><li class="carrousel__item"><div data-test-id="product-card-coupon-modal" class="search-product-card search-product-card__club-dia-border carrousel__card" brand="Mari Marinera de Dia" expiration_days="0" weight="0" isvisible="true"><div data-test-id="search-product-card-top-section" class="search-product-card__top-section"><div><p data-test-id="search-product-card-dia-club" class="search-product-card__dia-club">Oferta Dia</p></div><div class="search-product-card__top-section-content"><!--[--><div data-test-id="add-to-list-button" class="add-to-list-button"><span data-test-id="add-to-list-button-simple-button" class="add-to-list-button__simple-button"><span class="add-to-list-button__simple-button--initial dia-icon-list"></span></span></div><!----><!--]--><a rel="external" href="https://www.dia.es/congelados/pescado-y-marisco/p/3374" data-test-id="search-product-card-image-url" class="search-product-card__product-image-link"><img width="176" height="176" data-test-id="search-product-card-image" class="search-product-card__product-image" src="./DIA_files/3374_ISO_0_ES.jpg" alt="Palitos de surimi ultracongelados MSC Mari Marinera de Dia bolsa 450 g"></a><a rel="external" href="https://www.dia.es/congelados/pescado-y-marisco/p/3374" data-test-id="search-product-card-name" class="search-product-card__product-link"><p class="search-product-card__product-name">Palitos de surimi ultracongelados MSC Mari Marinera de Dia bolsa 450 g</p></a><p data-test-id="search-product-card-info" class="search-product-card__product-info">Sin gluten</p><!----></div></div><div data-test-id="search-product-card-bottom-section" class="search-product-card__bottom-section"><!--[--><div class="product-special-offer" data-test-id="product-special-offer"><!----><!----><div class="product-special-offer__discount-percentage" data-test-id="product-special-offer-discount-percentage"><p class="product-special-offer__strikethrough-price" data-test-id="product-special-offer-discount-percentage-strikethrough-price">1,99&nbsp;€</p><p class="product-special-offer__discount" data-test-id="product-special-offer-discount-percentage-discount">20% dto.</p></div><!----><!----></div><!----><!--]--><!----><div data-test-id="search-product-card-prices" class="search-product-card__prices"><p data-test-id="search-product-card-unit-price" class="search-product-card__active-price">1,59&nbsp;€</p><p data-test-id="search-product-card-kilo-price" class="search-product-card__price-per-unit"> (3,54&nbsp;€/KILO) </p></div><div class="add-2-cart search-product-card__bottom-buttons" in-carousel="true"><button aria-label="add to cart button" class="add-2-cart__basic-button add-2-cart__basic-button--enabled" data-test-id="add2cart-basic-button">Añadir</button><!----></div></div></div></li><li class="carrousel__item"><div data-test-id="product-card-coupon-modal" class="search-product-card search-product-card__club-dia-border carrousel__card" brand="Caprichoso Dia" expiration_days="0" weight="0" isvisible="true"><div data-test-id="search-product-card-top-section" class="search-product-card__top-section"><div><p data-test-id="search-product-card-dia-club" class="search-product-card__dia-club">Oferta exclusiva CLUB Dia</p></div><div class="search-product-card__top-section-content"><!--[--><div data-test-id="add-to-list-button" class="add-to-list-button"><span data-test-id="add-to-list-button-simple-button" class="add-to-list-button__simple-button"><span class="add-to-list-button__simple-button--initial dia-icon-list"></span></span></div><!----><!--]--><a rel="external" href="https://www.dia.es/yogures-y-postres/gelatinas-y-otros-postres/p/108518" data-test-id="search-product-card-image-url" class="search-product-card__product-image-link"><img width="176" height="176" data-test-id="search-product-card-image" class="search-product-card__product-image" src="./DIA_files/108518_ISO_0_ES.jpg" alt="Gelatina de fresa Caprichoso Dia pack 6 x 100 g"></a><a rel="external" href="https://www.dia.es/yogures-y-postres/gelatinas-y-otros-postres/p/108518" data-test-id="search-product-card-name" class="search-product-card__product-link"><p class="search-product-card__product-name">Gelatina de fresa Caprichoso Dia pack 6 x 100 g</p></a><!----><!----></div></div><div data-test-id="search-product-card-bottom-section" class="search-product-card__bottom-section"><!--[--><div class="product-special-offer" data-test-id="product-special-offer"><!----><!----><div class="product-special-offer__discount-percentage" data-test-id="product-special-offer-discount-percentage"><p class="product-special-offer__strikethrough-price" data-test-id="product-special-offer-discount-percentage-strikethrough-price">0,99&nbsp;€</p><p class="product-special-offer__discount" data-test-id="product-special-offer-discount-percentage-discount">20% dto.</p></div><!----><!----></div><!----><!--]--><!----><div data-test-id="search-product-card-prices" class="search-product-card__prices"><p data-test-id="search-product-card-unit-price" class="search-product-card__active-price">0,79&nbsp;€</p><p data-test-id="search-product-card-kilo-price" class="search-product-card__price-per-unit"> (1,32&nbsp;€/KILO) </p></div><div class="add-2-cart search-product-card__bottom-buttons" in-carousel="true"><button aria-label="add to cart button" class="add-2-cart__basic-button add-2-cart__basic-button--enabled" data-test-id="add2cart-basic-button">Añadir</button><!----></div></div></div></li><li class="carrousel__item"><div data-test-id="product-card-coupon-modal" class="search-product-card search-product-card__club-dia-border carrousel__card" brand="Caprichoso Dia" expiration_days="0" weight="0" isvisible="true"><div data-test-id="search-product-card-top-section" class="search-product-card__top-section"><div><p data-test-id="search-product-card-dia-club" class="search-product-card__dia-club">Oferta exclusiva CLUB Dia</p></div><div class="search-product-card__top-section-content"><!--[--><div data-test-id="add-to-list-button" class="add-to-list-button"><span data-test-id="add-to-list-button-simple-button" class="add-to-list-button__simple-button"><span class="add-to-list-button__simple-button--initial dia-icon-list"></span></span></div><!----><!--]--><a rel="external" href="https://www.dia.es/yogures-y-postres/gelatinas-y-otros-postres/p/139596" data-test-id="search-product-card-image-url" class="search-product-card__product-image-link"><img width="176" height="176" data-test-id="search-product-card-image" class="search-product-card__product-image" src="./DIA_files/139596_ISO_0_ES.jpg" alt="Gelatina de fresa, limón y multifruta Caprichoso Dia pack 6 x 100 g"></a><a rel="external" href="https://www.dia.es/yogures-y-postres/gelatinas-y-otros-postres/p/139596" data-test-id="search-product-card-name" class="search-product-card__product-link"><p class="search-product-card__product-name">Gelatina de fresa, limón y multifruta Caprichoso Dia pack 6 x 100 g</p></a><p data-test-id="search-product-card-info" class="search-product-card__product-info">Sin gluten</p><!----></div></div><div data-test-id="search-product-card-bottom-section" class="search-product-card__bottom-section"><!--[--><div class="product-special-offer" data-test-id="product-special-offer"><!----><!----><div class="product-special-offer__discount-percentage" data-test-id="product-special-offer-discount-percentage"><p class="product-special-offer__strikethrough-price" data-test-id="product-special-offer-discount-percentage-strikethrough-price">0,99&nbsp;€</p><p class="product-special-offer__discount" data-test-id="product-special-offer-discount-percentage-discount">20% dto.</p></div><!----><!----></div><!----><!--]--><!----><div data-test-id="search-product-card-prices" class="search-product-card__prices"><p data-test-id="search-product-card-unit-price" class="search-product-card__active-price">0,79&nbsp;€</p><p data-test-id="search-product-card-kilo-price" class="search-product-card__price-per-unit"> (1,32&nbsp;€/KILO) </p></div><div class="add-2-cart search-product-card__bottom-buttons" in-carousel="true"><button aria-label="add to cart button" class="add-2-cart__basic-button add-2-cart__basic-button--enabled" data-test-id="add2cart-basic-button">Añadir</button><!----></div></div></div></li><li class="carrousel__item"><div data-test-id="product-card-coupon-modal" class="search-product-card search-product-card__club-dia-border carrousel__card" brand="Dia Láctea" expiration_days="0" weight="0" isvisible="true"><div data-test-id="search-product-card-top-section" class="search-product-card__top-section"><div><p data-test-id="search-product-card-dia-club" class="search-product-card__dia-club">Oferta exclusiva CLUB Dia</p></div><div class="search-product-card__top-section-content"><!--[--><div data-test-id="add-to-list-button" class="add-to-list-button"><span data-test-id="add-to-list-button-simple-button" class="add-to-list-button__simple-button"><span class="add-to-list-button__simple-button--initial dia-icon-list"></span></span></div><!----><!--]--><a rel="external" href="https://www.dia.es/charcuteria-y-quesos/queso-curado-semicurado-y-tierno/p/120966" data-test-id="search-product-card-image-url" class="search-product-card__product-image-link"><img width="176" height="176" data-test-id="search-product-card-image" class="search-product-card__product-image" src="./DIA_files/120966_ISO_0_ES.jpg" alt="Rulo de queso de cabra Dia Lactea 140 g"></a><a rel="external" href="https://www.dia.es/charcuteria-y-quesos/queso-curado-semicurado-y-tierno/p/120966" data-test-id="search-product-card-name" class="search-product-card__product-link"><p class="search-product-card__product-name">Rulo de queso de cabra Dia Lactea 140 g</p></a><!----><!----></div></div><div data-test-id="search-product-card-bottom-section" class="search-product-card__bottom-section"><!--[--><div class="product-special-offer" data-test-id="product-special-offer"><!----><!----><div class="product-special-offer__discount-percentage" data-test-id="product-special-offer-discount-percentage"><p class="product-special-offer__strikethrough-price" data-test-id="product-special-offer-discount-percentage-strikethrough-price">1,65&nbsp;€</p><p class="product-special-offer__discount" data-test-id="product-special-offer-discount-percentage-discount">20% dto.</p></div><!----><!----></div><!----><!--]--><!----><div data-test-id="search-product-card-prices" class="search-product-card__prices"><p data-test-id="search-product-card-unit-price" class="search-product-card__active-price">1,32&nbsp;€</p><p data-test-id="search-product-card-kilo-price" class="search-product-card__price-per-unit"> (9,43&nbsp;€/KILO) </p></div><div class="add-2-cart search-product-card__bottom-buttons" in-carousel="true"><button aria-label="add to cart button" class="add-2-cart__basic-button add-2-cart__basic-button--enabled" data-test-id="add2cart-basic-button">Añadir</button><!----></div></div></div></li><li class="carrousel__item"><div data-test-id="product-card-coupon-modal" class="search-product-card search-product-card__club-dia-border carrousel__card" brand="Selección Mundial de Dia" expiration_days="0" weight="0" isvisible="true"><div data-test-id="search-product-card-top-section" class="search-product-card__top-section"><div><p data-test-id="search-product-card-dia-club" class="search-product-card__dia-club">Oferta exclusiva CLUB Dia</p></div><div class="search-product-card__top-section-content"><!--[--><div data-test-id="add-to-list-button" class="add-to-list-button"><span data-test-id="add-to-list-button-simple-button" class="add-to-list-button__simple-button"><span class="add-to-list-button__simple-button--initial dia-icon-list"></span></span></div><!----><!--]--><a rel="external" href="https://www.dia.es/charcuteria-y-quesos/quesos-internacionales/p/303099" data-test-id="search-product-card-image-url" class="search-product-card__product-image-link"><img width="176" height="176" data-test-id="search-product-card-image" class="search-product-card__product-image" src="./DIA_files/303099_ISO_0_ES.jpg" alt="Queso cheddar Selección Mundial de Dia sobre 160 g"></a><a rel="external" href="https://www.dia.es/charcuteria-y-quesos/quesos-internacionales/p/303099" data-test-id="search-product-card-name" class="search-product-card__product-link"><p class="search-product-card__product-name">Queso cheddar Selección Mundial de Dia sobre 160 g</p></a><!----><!----></div></div><div data-test-id="search-product-card-bottom-section" class="search-product-card__bottom-section"><!--[--><div class="product-special-offer" data-test-id="product-special-offer"><!----><!----><div class="product-special-offer__discount-percentage" data-test-id="product-special-offer-discount-percentage"><p class="product-special-offer__strikethrough-price" data-test-id="product-special-offer-discount-percentage-strikethrough-price">1,99&nbsp;€</p><p class="product-special-offer__discount" data-test-id="product-special-offer-discount-percentage-discount">20% dto.</p></div><!----><!----></div><!----><!--]--><!----><div data-test-id="search-product-card-prices" class="search-product-card__prices"><p data-test-id="search-product-card-unit-price" class="search-product-card__active-price">1,59&nbsp;€</p><p data-test-id="search-product-card-kilo-price" class="search-product-card__price-per-unit"> (9,95&nbsp;€/KILO) </p></div><div class="add-2-cart search-product-card__bottom-buttons" in-carousel="true"><button aria-label="add to cart button" class="add-2-cart__basic-button add-2-cart__basic-button--enabled" data-test-id="add2cart-basic-button">Añadir</button><!----></div></div></div></li><li class="carrousel__item"><a class="carrousel__fallback-item" href="https://www.dia.es/charcuteria-y-quesos/jamon-cocido-lacon-fiambres-y-mortadela/p/273731" aria-label="Pechuga de pavo reducido en sal Nuestra Alacena de Dia sobre 200 g">Pechuga de pavo reducido en sal Nuestra Alacena de Dia sobre 200 g</a></li><li class="carrousel__item"><a class="carrousel__fallback-item" href="https://www.dia.es/charcuteria-y-quesos/jamon-cocido-lacon-fiambres-y-mortadela/p/303491" aria-label="Lacón ahumado Nuestra Alacena de Dia sobre 150 g">Lacón ahumado Nuestra Alacena de Dia sobre 150 g</a></li><li class="carrousel__item"><a class="carrousel__fallback-item" href="https://www.dia.es/charcuteria-y-quesos/lomo-chorizo-fuet-salchichon/p/273988" aria-label="Chorizo extra Nuestra Alacena de Dia bandeja 2 x 100 g">Chorizo extra Nuestra Alacena de Dia bandeja 2 x 100 g</a></li><li class="carrousel__item"><a class="carrousel__fallback-item" href="https://www.dia.es/charcuteria-y-quesos/jamon-curado-y-paleta/p/274055" aria-label="Paleta Curada 50% Duroc Nuestra Alacena de Dia bandeja 110 g">Paleta Curada 50% Duroc Nuestra Alacena de Dia bandeja 110 g</a></li><li class="carrousel__item"><a class="carrousel__fallback-item" href="https://www.dia.es/charcuteria-y-quesos/lomo-chorizo-fuet-salchichon/p/274137" aria-label="Espetec extra Nuestra Alacena de Dia bolsa 170 g">Espetec extra Nuestra Alacena de Dia bolsa 170 g</a></li><!--]--></ul><span data-test-id="carousel-next-btn" class="carrousel__btn-right dia-icon-keyboard_arrow_right"></span></div><!----><div class="add-product-to-lists-all-modals" data-test-id="add-product-to-lists-all-modals"><!----><!----><!----></div><!----></div></div><!--]--></div></div><div class="dynamic-section" data-test-id="dynamic-section"><!----><div data-test-id="dynamic-section-components-container" class="dynamic-section__components-container"><!--[--><!----><!--]--></div></div><div class="dynamic-section" data-test-id="dynamic-section"><!----><div data-test-id="dynamic-section-components-container" class="dynamic-section__components-container"><!--[--><div class="web-text dynamic-section__element" data-test-id="web-text" index="0" content-id="90c5b56a-0203-46c8-825d-895952c068da" type="WebText" is-tablet-portrait="false" is-s-mobile="false" page-id="home" products="" targeting="[object Object]"><h2 class="web-text__headline" data-test-id="web-text-headline" aria-label="Tu toque más dulce">Tu toque más dulce</h2><!----></div><!--]--></div></div><div class="dynamic-section" data-test-id="dynamic-section"><!----><div data-test-id="dynamic-section-components-container" class="dynamic-section__components-container"><!--[--><div class="carrousel dynamic-section__element" data-test-id="product-carousel" aria-label="HomeCarouselespecialw38pos10" index="0" content-id="1637ef43-c59e-4fc2-9279-efc5dd7a0d0c" type="ProductCarousel" is-tablet-portrait="false" is-s-mobile="false" page-id="home" targeting="[object Object]"><div class="carrousel__global"><!----><div data-test-id="carousel-container" class="carrousel__container"><span data-test-id="carousel-prev-btn" class="carrousel__btn-left-disabled"></span><ul class="carrousel__list" style="overflow-y: auto"><!--[--><li class="carrousel__item"><div data-test-id="product-card-coupon-modal" class="search-product-card search-product-card__club-dia-border carrousel__card" brand="Oreo" expiration_days="0" weight="0" isvisible="true"><div data-test-id="search-product-card-top-section" class="search-product-card__top-section"><div><p data-test-id="search-product-card-dia-club" class="search-product-card__dia-club">Oferta exclusiva CLUB Dia</p></div><div class="search-product-card__top-section-content"><!--[--><div data-test-id="add-to-list-button" class="add-to-list-button"><span data-test-id="add-to-list-button-simple-button" class="add-to-list-button__simple-button"><span class="add-to-list-button__simple-button--initial dia-icon-list"></span></span></div><!----><!--]--><a rel="external" href="https://www.dia.es/galletas-bollos-y-cereales/galletas/p/132633" data-test-id="search-product-card-image-url" class="search-product-card__product-image-link"><img width="176" height="176" data-test-id="search-product-card-image" class="search-product-card__product-image" src="./DIA_files/132633_ISO_0_ES.jpg" alt="Galletas de cacao rellenas de crema Oreo caja 220 g"></a><a rel="external" href="https://www.dia.es/galletas-bollos-y-cereales/galletas/p/132633" data-test-id="search-product-card-name" class="search-product-card__product-link"><p class="search-product-card__product-name">Galletas de cacao rellenas de crema Oreo caja 220 g</p></a><!----><!----></div></div><div data-test-id="search-product-card-bottom-section" class="search-product-card__bottom-section"><!--[--><div class="product-special-offer" data-test-id="product-special-offer"><!----><div class="product-special-offer__promotion" data-test-id="product-special-offer-promotion"><p class="product-special-offer__promotion-title" data-test-id="product-special-offer-promotion-title">2ª UD AL 50% DTO. GALLETAS OREO 220 G</p></div><!----><!----><!----></div><!----><!--]--><!----><div data-test-id="search-product-card-prices" class="search-product-card__prices"><p data-test-id="search-product-card-unit-price" class="search-product-card__active-price">2,60&nbsp;€</p><p data-test-id="search-product-card-kilo-price" class="search-product-card__price-per-unit"> (11,82&nbsp;€/KILO) </p></div><div class="add-2-cart search-product-card__bottom-buttons" in-carousel="true"><button aria-label="add to cart button" class="add-2-cart__basic-button add-2-cart__basic-button--enabled" data-test-id="add2cart-basic-button">Añadir</button><!----></div></div></div></li><li class="carrousel__item"><div data-test-id="product-card-coupon-modal" class="search-product-card search-product-card__club-dia-border carrousel__card" brand="Temptation de Dia" expiration_days="0" weight="0" isvisible="true"><div data-test-id="search-product-card-top-section" class="search-product-card__top-section"><div><p data-test-id="search-product-card-dia-club" class="search-product-card__dia-club">Oferta exclusiva CLUB Dia</p></div><div class="search-product-card__top-section-content"><!--[--><div data-test-id="add-to-list-button" class="add-to-list-button"><span data-test-id="add-to-list-button-simple-button" class="add-to-list-button__simple-button"><span class="add-to-list-button__simple-button--initial dia-icon-list"></span></span></div><!----><!--]--><a rel="external" href="https://www.dia.es/azucar-chocolates-y-caramelos/cremas-de-cacao/p/301463" data-test-id="search-product-card-image-url" class="search-product-card__product-image-link"><img width="176" height="176" data-test-id="search-product-card-image" class="search-product-card__product-image" src="./DIA_files/301463_ISO_0_ES.jpg" alt="Crema de avellanas y cacao Temptation de Dia frasco 380 g"></a><a rel="external" href="https://www.dia.es/azucar-chocolates-y-caramelos/cremas-de-cacao/p/301463" data-test-id="search-product-card-name" class="search-product-card__product-link"><p class="search-product-card__product-name">Crema de avellanas y cacao Temptation de Dia frasco 380 g</p></a><p data-test-id="search-product-card-info" class="search-product-card__product-info">Sin gluten</p><!----></div></div><div data-test-id="search-product-card-bottom-section" class="search-product-card__bottom-section"><!--[--><div class="product-special-offer" data-test-id="product-special-offer"><!----><!----><div class="product-special-offer__discount-percentage" data-test-id="product-special-offer-discount-percentage"><p class="product-special-offer__strikethrough-price" data-test-id="product-special-offer-discount-percentage-strikethrough-price">2,28&nbsp;€</p><p class="product-special-offer__discount" data-test-id="product-special-offer-discount-percentage-discount">25% dto.</p></div><!----><!----></div><!----><!--]--><!----><div data-test-id="search-product-card-prices" class="search-product-card__prices"><p data-test-id="search-product-card-unit-price" class="search-product-card__active-price">1,71&nbsp;€</p><p data-test-id="search-product-card-kilo-price" class="search-product-card__price-per-unit"> (4,50&nbsp;€/KILO) </p></div><div class="add-2-cart search-product-card__bottom-buttons" in-carousel="true"><button aria-label="add to cart button" class="add-2-cart__basic-button add-2-cart__basic-button--enabled" data-test-id="add2cart-basic-button">Añadir</button><!----></div></div></div></li><li class="carrousel__item"><div data-test-id="product-card-coupon-modal" class="search-product-card search-product-card__club-dia-border carrousel__card" brand="Fruticampo de Dia" expiration_days="0" weight="0" isvisible="true"><div data-test-id="search-product-card-top-section" class="search-product-card__top-section"><div><p data-test-id="search-product-card-dia-club" class="search-product-card__dia-club">Oferta exclusiva CLUB Dia</p></div><div class="search-product-card__top-section-content"><!--[--><div data-test-id="add-to-list-button" class="add-to-list-button"><span data-test-id="add-to-list-button-simple-button" class="add-to-list-button__simple-button"><span class="add-to-list-button__simple-button--initial dia-icon-list"></span></span></div><!----><!--]--><a rel="external" href="https://www.dia.es/azucar-chocolates-y-caramelos/mermeladas-y-frutas-en-almibar/p/141570" data-test-id="search-product-card-image-url" class="search-product-card__product-image-link"><img width="176" height="176" data-test-id="search-product-card-image" class="search-product-card__product-image" src="./DIA_files/141570_ISO_0_ES.jpg" alt="Mermelada de fresa 0% sin azúcares añadidos Fruticampo de Dia frasco 330 g"></a><a rel="external" href="https://www.dia.es/azucar-chocolates-y-caramelos/mermeladas-y-frutas-en-almibar/p/141570" data-test-id="search-product-card-name" class="search-product-card__product-link"><p class="search-product-card__product-name">Mermelada de fresa 0% sin azúcares añadidos Fruticampo de Dia frasco 330 g</p></a><!----><!----></div></div><div data-test-id="search-product-card-bottom-section" class="search-product-card__bottom-section"><!--[--><div class="product-special-offer" data-test-id="product-special-offer"><!----><!----><div class="product-special-offer__discount-percentage" data-test-id="product-special-offer-discount-percentage"><p class="product-special-offer__strikethrough-price" data-test-id="product-special-offer-discount-percentage-strikethrough-price">1,60&nbsp;€</p><p class="product-special-offer__discount" data-test-id="product-special-offer-discount-percentage-discount">20% dto.</p></div><!----><!----></div><!----><!--]--><!----><div data-test-id="search-product-card-prices" class="search-product-card__prices"><p data-test-id="search-product-card-unit-price" class="search-product-card__active-price">1,28&nbsp;€</p><p data-test-id="search-product-card-kilo-price" class="search-product-card__price-per-unit"> (3,88&nbsp;€/KILO) </p></div><div class="add-2-cart search-product-card__bottom-buttons" in-carousel="true"><button aria-label="add to cart button" class="add-2-cart__basic-button add-2-cart__basic-button--enabled" data-test-id="add2cart-basic-button">Añadir</button><!----></div></div></div></li><li class="carrousel__item"><div data-test-id="product-card-coupon-modal" class="search-product-card search-product-card__club-dia-border carrousel__card" brand="Principe" expiration_days="0" weight="0" isvisible="true"><div data-test-id="search-product-card-top-section" class="search-product-card__top-section"><div><p data-test-id="search-product-card-dia-club" class="search-product-card__dia-club">Oferta exclusiva CLUB Dia</p></div><div class="search-product-card__top-section-content"><!--[--><div data-test-id="add-to-list-button" class="add-to-list-button"><span data-test-id="add-to-list-button-simple-button" class="add-to-list-button__simple-button"><span class="add-to-list-button__simple-button--initial dia-icon-list"></span></span></div><!----><!--]--><a rel="external" href="https://www.dia.es/galletas-bollos-y-cereales/galletas/p/189842" data-test-id="search-product-card-image-url" class="search-product-card__product-image-link"><img width="176" height="176" data-test-id="search-product-card-image" class="search-product-card__product-image" src="./DIA_files/189842_ISO_0_ES.jpg" alt="Galleta rellena de crema de chocolate Principe paquete 3 x 300 g"></a><a rel="external" href="https://www.dia.es/galletas-bollos-y-cereales/galletas/p/189842" data-test-id="search-product-card-name" class="search-product-card__product-link"><p class="search-product-card__product-name">Galleta rellena de crema de chocolate Principe paquete 3 x 300 g</p></a><!----><!----></div></div><div data-test-id="search-product-card-bottom-section" class="search-product-card__bottom-section"><!--[--><div class="product-special-offer" data-test-id="product-special-offer"><!----><!----><div class="product-special-offer__discount-percentage" data-test-id="product-special-offer-discount-percentage"><p class="product-special-offer__strikethrough-price" data-test-id="product-special-offer-discount-percentage-strikethrough-price">5,95&nbsp;€</p><p class="product-special-offer__discount" data-test-id="product-special-offer-discount-percentage-discount">16% dto.</p></div><!----><!----></div><!----><!--]--><!----><div data-test-id="search-product-card-prices" class="search-product-card__prices"><p data-test-id="search-product-card-unit-price" class="search-product-card__active-price">4,95&nbsp;€</p><p data-test-id="search-product-card-kilo-price" class="search-product-card__price-per-unit"> (5,50&nbsp;€/KILO) </p></div><div class="add-2-cart search-product-card__bottom-buttons" in-carousel="true"><button aria-label="add to cart button" class="add-2-cart__basic-button add-2-cart__basic-button--enabled" data-test-id="add2cart-basic-button">Añadir</button><!----></div></div></div></li><li class="carrousel__item"><div data-test-id="product-card-coupon-modal" class="search-product-card search-product-card__club-dia-border carrousel__card" brand="El molino de Dia" expiration_days="0" weight="0" isvisible="true"><div data-test-id="search-product-card-top-section" class="search-product-card__top-section"><div><p data-test-id="search-product-card-dia-club" class="search-product-card__dia-club">Oferta exclusiva CLUB Dia</p></div><div class="search-product-card__top-section-content"><!--[--><div data-test-id="add-to-list-button" class="add-to-list-button"><span data-test-id="add-to-list-button-simple-button" class="add-to-list-button__simple-button"><span class="add-to-list-button__simple-button--initial dia-icon-list"></span></span></div><!----><!--]--><a rel="external" href="https://www.dia.es/panes-harinas-y-masas/pan-de-molde-perritos-y-hamburguesas/p/266120" data-test-id="search-product-card-image-url" class="search-product-card__product-image-link"><img width="176" height="176" data-test-id="search-product-card-image" class="search-product-card__product-image" src="./DIA_files/266120_ISO_0_ES.jpg" alt="Pan de molde especial tostadas El molino de Dia bolsa 820 g"></a><a rel="external" href="https://www.dia.es/panes-harinas-y-masas/pan-de-molde-perritos-y-hamburguesas/p/266120" data-test-id="search-product-card-name" class="search-product-card__product-link"><p class="search-product-card__product-name">Pan de molde especial tostadas El molino de Dia bolsa 820 g</p></a><p data-test-id="search-product-card-info" class="search-product-card__product-info">Sin lactosa</p><!----></div></div><div data-test-id="search-product-card-bottom-section" class="search-product-card__bottom-section"><!--[--><div class="product-special-offer" data-test-id="product-special-offer"><!----><!----><div class="product-special-offer__discount-percentage" data-test-id="product-special-offer-discount-percentage"><p class="product-special-offer__strikethrough-price" data-test-id="product-special-offer-discount-percentage-strikethrough-price">1,70&nbsp;€</p><p class="product-special-offer__discount" data-test-id="product-special-offer-discount-percentage-discount">20% dto.</p></div><!----><!----></div><!----><!--]--><!----><div data-test-id="search-product-card-prices" class="search-product-card__prices"><p data-test-id="search-product-card-unit-price" class="search-product-card__active-price">1,36&nbsp;€</p><p data-test-id="search-product-card-kilo-price" class="search-product-card__price-per-unit"> (1,66&nbsp;€/KILO) </p></div><div class="add-2-cart search-product-card__bottom-buttons" in-carousel="true"><button aria-label="add to cart button" class="add-2-cart__basic-button add-2-cart__basic-button--enabled" data-test-id="add2cart-basic-button">Añadir</button><!----></div></div></div></li><li class="carrousel__item"><div data-test-id="product-card-coupon-modal" class="search-product-card search-product-card__club-dia-border carrousel__card" brand="Nestlé" expiration_days="0" weight="0" isvisible="true"><div data-test-id="search-product-card-top-section" class="search-product-card__top-section"><div><p data-test-id="search-product-card-dia-club" class="search-product-card__dia-club">Oferta exclusiva CLUB Dia</p></div><div class="search-product-card__top-section-content"><!--[--><div data-test-id="add-to-list-button" class="add-to-list-button"><span data-test-id="add-to-list-button-simple-button" class="add-to-list-button__simple-button"><span class="add-to-list-button__simple-button--initial dia-icon-list"></span></span></div><!----><!--]--><a rel="external" href="https://www.dia.es/galletas-bollos-y-cereales/cereales/p/43106" data-test-id="search-product-card-image-url" class="search-product-card__product-image-link"><img width="176" height="176" data-test-id="search-product-card-image" class="search-product-card__product-image" src="./DIA_files/43106_ISO_0_ES.jpg" alt="Cereales integrales con chocolate Nestlé Chocapic caja 375 g"></a><a rel="external" href="https://www.dia.es/galletas-bollos-y-cereales/cereales/p/43106" data-test-id="search-product-card-name" class="search-product-card__product-link"><p class="search-product-card__product-name">Cereales integrales con chocolate Nestlé Chocapic caja 375 g</p></a><!----><!----></div></div><div data-test-id="search-product-card-bottom-section" class="search-product-card__bottom-section"><!--[--><div class="product-special-offer" data-test-id="product-special-offer"><!----><div class="product-special-offer__promotion" data-test-id="product-special-offer-promotion"><p class="product-special-offer__promotion-title" data-test-id="product-special-offer-promotion-title">2ª UD AL 50% DTO CEREAL.CHOCAPIC NESTLÉ 375 G</p></div><!----><!----><!----></div><!----><!--]--><!----><div data-test-id="search-product-card-prices" class="search-product-card__prices"><p data-test-id="search-product-card-unit-price" class="search-product-card__active-price">3,49&nbsp;€</p><p data-test-id="search-product-card-kilo-price" class="search-product-card__price-per-unit"> (9,31&nbsp;€/KILO) </p></div><div class="add-2-cart search-product-card__bottom-buttons" in-carousel="true"><button aria-label="add to cart button" class="add-2-cart__basic-button add-2-cart__basic-button--enabled" data-test-id="add2cart-basic-button">Añadir</button><!----></div></div></div></li><li class="carrousel__item"><div data-test-id="product-card-coupon-modal" class="search-product-card search-product-card__club-dia-border carrousel__card" brand="Milka" expiration_days="0" weight="0" isvisible="true"><div data-test-id="search-product-card-top-section" class="search-product-card__top-section"><div><p data-test-id="search-product-card-dia-club" class="search-product-card__dia-club">Oferta exclusiva CLUB Dia</p></div><div class="search-product-card__top-section-content"><!--[--><div data-test-id="add-to-list-button" class="add-to-list-button"><span data-test-id="add-to-list-button-simple-button" class="add-to-list-button__simple-button"><span class="add-to-list-button__simple-button--initial dia-icon-list"></span></span></div><!----><!--]--><a rel="external" href="https://www.dia.es/azucar-chocolates-y-caramelos/chocolates-y-bombones/p/188647" data-test-id="search-product-card-image-url" class="search-product-card__product-image-link"><img width="176" height="176" data-test-id="search-product-card-image" class="search-product-card__product-image" src="./DIA_files/188647_ISO_0_ES.jpg" alt="Chocolate con leche y avellanas enteras Milka 95 g"></a><a rel="external" href="https://www.dia.es/azucar-chocolates-y-caramelos/chocolates-y-bombones/p/188647" data-test-id="search-product-card-name" class="search-product-card__product-link"><p class="search-product-card__product-name">Chocolate con leche y avellanas enteras Milka 95 g</p></a><!----><!----></div></div><div data-test-id="search-product-card-bottom-section" class="search-product-card__bottom-section"><!--[--><div class="product-special-offer" data-test-id="product-special-offer"><!----><div class="product-special-offer__promotion" data-test-id="product-special-offer-promotion"><p class="product-special-offer__promotion-title" data-test-id="product-special-offer-promotion-title">2 UD POR SOLO 3 EUR CHOCO AVELLANAS MILKA 95G</p></div><!----><!----><!----></div><!----><!--]--><!----><div data-test-id="search-product-card-prices" class="search-product-card__prices"><p data-test-id="search-product-card-unit-price" class="search-product-card__active-price">2,15&nbsp;€</p><p data-test-id="search-product-card-kilo-price" class="search-product-card__price-per-unit"> (22,63&nbsp;€/KILO) </p></div><div class="add-2-cart search-product-card__bottom-buttons" in-carousel="true"><button aria-label="add to cart button" class="add-2-cart__basic-button add-2-cart__basic-button--enabled" data-test-id="add2cart-basic-button">Añadir</button><!----></div></div></div></li><li class="carrousel__item"><a class="carrousel__fallback-item" href="https://www.dia.es/azucar-chocolates-y-caramelos/mermeladas-y-frutas-en-almibar/p/135272" aria-label="Mermelada de fresa extra Fruticampo de Dia frasco 390 g">Mermelada de fresa extra Fruticampo de Dia frasco 390 g</a></li><li class="carrousel__item"><a class="carrousel__fallback-item" href="https://www.dia.es/azucar-chocolates-y-caramelos/chocolates-y-bombones/p/161191" aria-label="Chocolate con leche relleno de galleta lu Milka 87 g">Chocolate con leche relleno de galleta lu Milka 87 g</a></li><li class="carrousel__item"><a class="carrousel__fallback-item" href="https://www.dia.es/galletas-bollos-y-cereales/cereales/p/19372" aria-label="Cereales copos de maíz corn flakes Kellogg&#39;s Corn Flakes caja 500 g">Cereales copos de maíz corn flakes Kellogg's Corn Flakes caja 500 g</a></li><li class="carrousel__item"><a class="carrousel__fallback-item" href="https://www.dia.es/galletas-bollos-y-cereales/galletas/p/267607" aria-label="Galletas con pepitas de chocolate con leche Milka bolsa 110 g">Galletas con pepitas de chocolate con leche Milka bolsa 110 g</a></li><li class="carrousel__item"><a class="carrousel__fallback-item" href="https://www.dia.es/azucar-chocolates-y-caramelos/mermeladas-y-frutas-en-almibar/p/148313" aria-label="Mermelada de albaricoque extra Fruticampo de Dia frasco 390 g">Mermelada de albaricoque extra Fruticampo de Dia frasco 390 g</a></li><!--]--></ul><span data-test-id="carousel-next-btn" class="carrousel__btn-right dia-icon-keyboard_arrow_right"></span></div><!----><div class="add-product-to-lists-all-modals" data-test-id="add-product-to-lists-all-modals"><!----><!----><!----></div><!----></div></div><!--]--></div></div><div class="dynamic-section" data-test-id="dynamic-section"><!----><div data-test-id="dynamic-section-components-container" class="dynamic-section__components-container"><!--[--><div class="web-text dynamic-section__element" data-test-id="web-text" index="0" content-id="21697e11-a30a-49ff-9836-5b5c811a2766" type="WebText" is-tablet-portrait="false" is-s-mobile="false" page-id="home" products="" targeting="[object Object]"><h2 class="web-text__headline" data-test-id="web-text-headline" aria-label="Más ofertas que no puedes dejar pasar">Más ofertas que no puedes dejar pasar</h2><!----></div><!--]--></div></div><div class="dynamic-section" data-test-id="dynamic-section"><!----><div data-test-id="dynamic-section-components-container" class="dynamic-section__components-container"><!--[--><div class="carrousel dynamic-section__element" data-test-id="product-carousel" aria-label="HomeCarouselespecialesw38pos12" index="0" content-id="403ed6ab-b2bc-4020-873d-cd0245cf6cf1" type="ProductCarousel" is-tablet-portrait="false" is-s-mobile="false" page-id="home" targeting="[object Object]"><div class="carrousel__global"><!----><div data-test-id="carousel-container" class="carrousel__container"><span data-test-id="carousel-prev-btn" class="carrousel__btn-left-disabled"></span><ul class="carrousel__list" style="overflow-y: auto"><!--[--><li class="carrousel__item"><div data-test-id="product-card-coupon-modal" class="search-product-card search-product-card__club-dia-border carrousel__card" brand="Pascual" expiration_days="0" weight="0" isvisible="true"><div data-test-id="search-product-card-top-section" class="search-product-card__top-section"><div><p data-test-id="search-product-card-dia-club" class="search-product-card__dia-club">Oferta exclusiva CLUB Dia</p></div><div class="search-product-card__top-section-content"><!--[--><div data-test-id="add-to-list-button" class="add-to-list-button"><span data-test-id="add-to-list-button-simple-button" class="add-to-list-button__simple-button"><span class="add-to-list-button__simple-button--initial dia-icon-list"></span></span></div><!----><!--]--><a rel="external" href="https://www.dia.es/leche-huevos-y-mantequilla/leche/p/73677P6" data-test-id="search-product-card-image-url" class="search-product-card__product-image-link"><img width="176" height="176" data-test-id="search-product-card-image" class="search-product-card__product-image" src="./DIA_files/73677P6_ISO_0_ES.jpg" alt="Leche semidesnatada Pascual pack 6 x 1 l"></a><a rel="external" href="https://www.dia.es/leche-huevos-y-mantequilla/leche/p/73677P6" data-test-id="search-product-card-name" class="search-product-card__product-link"><p class="search-product-card__product-name">Leche semidesnatada Pascual pack 6 x 1 l</p></a><!----><!----></div></div><div data-test-id="search-product-card-bottom-section" class="search-product-card__bottom-section"><!--[--><div class="product-special-offer" data-test-id="product-special-offer"><!----><!----><div class="product-special-offer__discount-percentage" data-test-id="product-special-offer-discount-percentage"><p class="product-special-offer__strikethrough-price" data-test-id="product-special-offer-discount-percentage-strikethrough-price">7,74&nbsp;€</p><p class="product-special-offer__discount" data-test-id="product-special-offer-discount-percentage-discount">7% dto.</p></div><!----><!----></div><!----><!--]--><!----><div data-test-id="search-product-card-prices" class="search-product-card__prices"><p data-test-id="search-product-card-unit-price" class="search-product-card__active-price">7,14&nbsp;€</p><p data-test-id="search-product-card-kilo-price" class="search-product-card__price-per-unit"> (1,19&nbsp;€/LITRO) </p></div><div class="add-2-cart search-product-card__bottom-buttons" in-carousel="true"><button aria-label="add to cart button" class="add-2-cart__basic-button add-2-cart__basic-button--enabled" data-test-id="add2cart-basic-button">Añadir</button><!----></div></div></div></li><li class="carrousel__item"><div data-test-id="product-card-coupon-modal" class="search-product-card search-product-card__club-dia-border carrousel__card" brand="Activia" expiration_days="0" weight="0" isvisible="true"><div data-test-id="search-product-card-top-section" class="search-product-card__top-section"><div><p data-test-id="search-product-card-dia-club" class="search-product-card__dia-club">Oferta exclusiva CLUB Dia</p></div><div class="search-product-card__top-section-content"><!--[--><div data-test-id="add-to-list-button" class="add-to-list-button"><span data-test-id="add-to-list-button-simple-button" class="add-to-list-button__simple-button"><span class="add-to-list-button__simple-button--initial dia-icon-list"></span></span></div><!----><!--]--><a rel="external" href="https://www.dia.es/yogures-y-postres/yogures-bifidus-y-colesterol/p/117865" data-test-id="search-product-card-image-url" class="search-product-card__product-image-link"><img width="176" height="176" data-test-id="search-product-card-image" class="search-product-card__product-image" src="./DIA_files/117865_ISO_0_ES.jpg" alt="Bífidus natural Activia pack 8 x 120 g"></a><a rel="external" href="https://www.dia.es/yogures-y-postres/yogures-bifidus-y-colesterol/p/117865" data-test-id="search-product-card-name" class="search-product-card__product-link"><p class="search-product-card__product-name">Bífidus natural Activia pack 8 x 120 g</p></a><!----><!----></div></div><div data-test-id="search-product-card-bottom-section" class="search-product-card__bottom-section"><!--[--><div class="product-special-offer" data-test-id="product-special-offer"><!----><!----><div class="product-special-offer__discount-percentage" data-test-id="product-special-offer-discount-percentage"><p class="product-special-offer__strikethrough-price" data-test-id="product-special-offer-discount-percentage-strikethrough-price">3,99&nbsp;€</p><p class="product-special-offer__discount" data-test-id="product-special-offer-discount-percentage-discount">10% dto.</p></div><!----><!----></div><!----><!--]--><!----><div data-test-id="search-product-card-prices" class="search-product-card__prices"><p data-test-id="search-product-card-unit-price" class="search-product-card__active-price">3,59&nbsp;€</p><p data-test-id="search-product-card-kilo-price" class="search-product-card__price-per-unit"> (3,74&nbsp;€/KILO) </p></div><div class="add-2-cart search-product-card__bottom-buttons" in-carousel="true"><button aria-label="add to cart button" class="add-2-cart__basic-button add-2-cart__basic-button--enabled" data-test-id="add2cart-basic-button">Añadir</button><!----></div></div></div></li><li class="carrousel__item"><div data-test-id="product-card-coupon-modal" class="search-product-card search-product-card__club-dia-border carrousel__card" brand="Pascual" expiration_days="0" weight="0" isvisible="true"><div data-test-id="search-product-card-top-section" class="search-product-card__top-section"><div><p data-test-id="search-product-card-dia-club" class="search-product-card__dia-club">Oferta exclusiva CLUB Dia</p></div><div class="search-product-card__top-section-content"><!--[--><div data-test-id="add-to-list-button" class="add-to-list-button"><span data-test-id="add-to-list-button-simple-button" class="add-to-list-button__simple-button"><span class="add-to-list-button__simple-button--initial dia-icon-list"></span></span></div><!----><!--]--><a rel="external" href="https://www.dia.es/leche-huevos-y-mantequilla/leche/p/73678P6" data-test-id="search-product-card-image-url" class="search-product-card__product-image-link"><img width="176" height="176" data-test-id="search-product-card-image" class="search-product-card__product-image" src="./DIA_files/73678P6_ISO_0_ES.jpg" alt="Leche desnatada Pascual pack 6 x 1 l"></a><a rel="external" href="https://www.dia.es/leche-huevos-y-mantequilla/leche/p/73678P6" data-test-id="search-product-card-name" class="search-product-card__product-link"><p class="search-product-card__product-name">Leche desnatada Pascual pack 6 x 1 l</p></a><!----><!----></div></div><div data-test-id="search-product-card-bottom-section" class="search-product-card__bottom-section"><!--[--><div class="product-special-offer" data-test-id="product-special-offer"><!----><!----><div class="product-special-offer__discount-percentage" data-test-id="product-special-offer-discount-percentage"><p class="product-special-offer__strikethrough-price" data-test-id="product-special-offer-discount-percentage-strikethrough-price">7,50&nbsp;€</p><p class="product-special-offer__discount" data-test-id="product-special-offer-discount-percentage-discount">8% dto.</p></div><!----><!----></div><!----><!--]--><!----><div data-test-id="search-product-card-prices" class="search-product-card__prices"><p data-test-id="search-product-card-unit-price" class="search-product-card__active-price">6,90&nbsp;€</p><p data-test-id="search-product-card-kilo-price" class="search-product-card__price-per-unit"> (1,15&nbsp;€/LITRO) </p></div><div class="add-2-cart search-product-card__bottom-buttons" in-carousel="true"><button aria-label="add to cart button" class="add-2-cart__basic-button add-2-cart__basic-button--enabled" data-test-id="add2cart-basic-button">Añadir</button><!----></div></div></div></li><li class="carrousel__item"><div data-test-id="product-card-coupon-modal" class="search-product-card search-product-card__club-dia-border carrousel__card" brand="Oikos" expiration_days="0" weight="0" isvisible="true"><div data-test-id="search-product-card-top-section" class="search-product-card__top-section"><div><p data-test-id="search-product-card-dia-club" class="search-product-card__dia-club">Oferta exclusiva CLUB Dia</p></div><div class="search-product-card__top-section-content"><!--[--><div data-test-id="add-to-list-button" class="add-to-list-button"><span data-test-id="add-to-list-button-simple-button" class="add-to-list-button__simple-button"><span class="add-to-list-button__simple-button--initial dia-icon-list"></span></span></div><!----><!--]--><a rel="external" href="https://www.dia.es/yogures-y-postres/griegos-y-mousse/p/165867" data-test-id="search-product-card-image-url" class="search-product-card__product-image-link"><img width="176" height="176" data-test-id="search-product-card-image" class="search-product-card__product-image" src="./DIA_files/165867_ISO_0_ES.jpg" alt="Yogur griego natural Oikos pack 4 x 110 g"></a><a rel="external" href="https://www.dia.es/yogures-y-postres/griegos-y-mousse/p/165867" data-test-id="search-product-card-name" class="search-product-card__product-link"><p class="search-product-card__product-name">Yogur griego natural Oikos pack 4 x 110 g</p></a><!----><!----></div></div><div data-test-id="search-product-card-bottom-section" class="search-product-card__bottom-section"><!--[--><div class="product-special-offer" data-test-id="product-special-offer"><!----><!----><div class="product-special-offer__discount-percentage" data-test-id="product-special-offer-discount-percentage"><p class="product-special-offer__strikethrough-price" data-test-id="product-special-offer-discount-percentage-strikethrough-price">2,79&nbsp;€</p><p class="product-special-offer__discount" data-test-id="product-special-offer-discount-percentage-discount">10% dto.</p></div><!----><!----></div><!----><!--]--><!----><div data-test-id="search-product-card-prices" class="search-product-card__prices"><p data-test-id="search-product-card-unit-price" class="search-product-card__active-price">2,49&nbsp;€</p><p data-test-id="search-product-card-kilo-price" class="search-product-card__price-per-unit"> (5,66&nbsp;€/KILO) </p></div><div class="add-2-cart search-product-card__bottom-buttons" in-carousel="true"><button aria-label="add to cart button" class="add-2-cart__basic-button add-2-cart__basic-button--enabled" data-test-id="add2cart-basic-button">Añadir</button><!----></div></div></div></li><li class="carrousel__item"><div data-test-id="product-card-coupon-modal" class="search-product-card search-product-card__club-dia-border carrousel__card" brand="Pascual" expiration_days="0" weight="0" isvisible="true"><div data-test-id="search-product-card-top-section" class="search-product-card__top-section"><div><p data-test-id="search-product-card-dia-club" class="search-product-card__dia-club">Oferta exclusiva CLUB Dia</p></div><div class="search-product-card__top-section-content"><!--[--><div data-test-id="add-to-list-button" class="add-to-list-button"><span data-test-id="add-to-list-button-simple-button" class="add-to-list-button__simple-button"><span class="add-to-list-button__simple-button--initial dia-icon-list"></span></span></div><!----><!--]--><a rel="external" href="https://www.dia.es/leche-huevos-y-mantequilla/leche/p/73676P6" data-test-id="search-product-card-image-url" class="search-product-card__product-image-link"><img width="176" height="176" data-test-id="search-product-card-image" class="search-product-card__product-image" src="./DIA_files/73676P6_ISO_0_ES.jpg" alt="Leche entera Pascual pack 6 x 1 l"></a><a rel="external" href="https://www.dia.es/leche-huevos-y-mantequilla/leche/p/73676P6" data-test-id="search-product-card-name" class="search-product-card__product-link"><p class="search-product-card__product-name">Leche entera Pascual pack 6 x 1 l</p></a><!----><!----></div></div><div data-test-id="search-product-card-bottom-section" class="search-product-card__bottom-section"><!--[--><div class="product-special-offer" data-test-id="product-special-offer"><!----><!----><div class="product-special-offer__discount-percentage" data-test-id="product-special-offer-discount-percentage"><p class="product-special-offer__strikethrough-price" data-test-id="product-special-offer-discount-percentage-strikethrough-price">8,10&nbsp;€</p><p class="product-special-offer__discount" data-test-id="product-special-offer-discount-percentage-discount">7% dto.</p></div><!----><!----></div><!----><!--]--><!----><div data-test-id="search-product-card-prices" class="search-product-card__prices"><p data-test-id="search-product-card-unit-price" class="search-product-card__active-price">7,50&nbsp;€</p><p data-test-id="search-product-card-kilo-price" class="search-product-card__price-per-unit"> (1,25&nbsp;€/LITRO) </p></div><div class="add-2-cart search-product-card__bottom-buttons" in-carousel="true"><button aria-label="add to cart button" class="add-2-cart__basic-button add-2-cart__basic-button--enabled" data-test-id="add2cart-basic-button">Añadir</button><!----></div></div></div></li><li class="carrousel__item"><div data-test-id="product-card-coupon-modal" class="search-product-card search-product-card__club-dia-border carrousel__card" brand="La Vaca que ríe" expiration_days="0" weight="0" isvisible="true"><div data-test-id="search-product-card-top-section" class="search-product-card__top-section"><div><p data-test-id="search-product-card-dia-club" class="search-product-card__dia-club">Oferta exclusiva CLUB Dia</p></div><div class="search-product-card__top-section-content"><!--[--><div data-test-id="add-to-list-button" class="add-to-list-button"><span data-test-id="add-to-list-button-simple-button" class="add-to-list-button__simple-button"><span class="add-to-list-button__simple-button--initial dia-icon-list"></span></span></div><!----><!--]--><a rel="external" href="https://www.dia.es/charcuteria-y-quesos/quesos-fundidos-y-cremas/p/1776" data-test-id="search-product-card-image-url" class="search-product-card__product-image-link"><img width="176" height="176" data-test-id="search-product-card-image" class="search-product-card__product-image" src="./DIA_files/1776_ISO_0_ES.jpg" alt="Queso fundido light en porciones La Vaca que ríe caja 250 g"></a><a rel="external" href="https://www.dia.es/charcuteria-y-quesos/quesos-fundidos-y-cremas/p/1776" data-test-id="search-product-card-name" class="search-product-card__product-link"><p class="search-product-card__product-name">Queso fundido light en porciones La Vaca que ríe caja 250 g</p></a><p data-test-id="search-product-card-info" class="search-product-card__product-info">Sin gluten</p><!----></div></div><div data-test-id="search-product-card-bottom-section" class="search-product-card__bottom-section"><!--[--><div class="product-special-offer" data-test-id="product-special-offer"><!----><div class="product-special-offer__promotion" data-test-id="product-special-offer-promotion"><p class="product-special-offer__promotion-title" data-test-id="product-special-offer-promotion-title">2ª UD AL 70% DTO QUESO LA VACA QUE RÍE 250 G</p></div><!----><!----><!----></div><!----><!--]--><!----><div data-test-id="search-product-card-prices" class="search-product-card__prices"><p data-test-id="search-product-card-unit-price" class="search-product-card__active-price">2,99&nbsp;€</p><p data-test-id="search-product-card-kilo-price" class="search-product-card__price-per-unit"> (11,96&nbsp;€/KILO) </p></div><div class="add-2-cart search-product-card__bottom-buttons" in-carousel="true"><button aria-label="add to cart button" class="add-2-cart__basic-button add-2-cart__basic-button--enabled" data-test-id="add2cart-basic-button">Añadir</button><!----></div></div></div></li><li class="carrousel__item"><div data-test-id="product-card-coupon-modal" class="search-product-card search-product-card__club-dia-border carrousel__card" brand="Oikos" expiration_days="0" weight="0" isvisible="true"><div data-test-id="search-product-card-top-section" class="search-product-card__top-section"><div><p data-test-id="search-product-card-dia-club" class="search-product-card__dia-club">Oferta exclusiva CLUB Dia</p></div><div class="search-product-card__top-section-content"><!--[--><div data-test-id="add-to-list-button" class="add-to-list-button"><span data-test-id="add-to-list-button-simple-button" class="add-to-list-button__simple-button"><span class="add-to-list-button__simple-button--initial dia-icon-list"></span></span></div><!----><!--]--><a rel="external" href="https://www.dia.es/yogures-y-postres/griegos-y-mousse/p/266732" data-test-id="search-product-card-image-url" class="search-product-card__product-image-link"><img width="176" height="176" data-test-id="search-product-card-image" class="search-product-card__product-image" src="./DIA_files/266732_ISO_0_ES.jpg" alt="Yogur griego con fresas Oikos pack 4 x 110 g"></a><a rel="external" href="https://www.dia.es/yogures-y-postres/griegos-y-mousse/p/266732" data-test-id="search-product-card-name" class="search-product-card__product-link"><p class="search-product-card__product-name">Yogur griego con fresas Oikos pack 4 x 110 g</p></a><!----><!----></div></div><div data-test-id="search-product-card-bottom-section" class="search-product-card__bottom-section"><!--[--><div class="product-special-offer" data-test-id="product-special-offer"><!----><!----><div class="product-special-offer__discount-percentage" data-test-id="product-special-offer-discount-percentage"><p class="product-special-offer__strikethrough-price" data-test-id="product-special-offer-discount-percentage-strikethrough-price">2,85&nbsp;€</p><p class="product-special-offer__discount" data-test-id="product-special-offer-discount-percentage-discount">12% dto.</p></div><!----><!----></div><!----><!--]--><!----><div data-test-id="search-product-card-prices" class="search-product-card__prices"><p data-test-id="search-product-card-unit-price" class="search-product-card__active-price">2,49&nbsp;€</p><p data-test-id="search-product-card-kilo-price" class="search-product-card__price-per-unit"> (5,66&nbsp;€/KILO) </p></div><div class="add-2-cart search-product-card__bottom-buttons" in-carousel="true"><button aria-label="add to cart button" class="add-2-cart__basic-button add-2-cart__basic-button--enabled" data-test-id="add2cart-basic-button">Añadir</button><!----></div></div></div></li><li class="carrousel__item"><a class="carrousel__fallback-item" href="https://www.dia.es/charcuteria-y-quesos/quesos-fundidos-y-cremas/p/127523" aria-label="Queso fundido original en porciones La Vaca que ríe caja 250 g">Queso fundido original en porciones La Vaca que ríe caja 250 g</a></li><li class="carrousel__item"><a class="carrousel__fallback-item" href="https://www.dia.es/yogures-y-postres/griegos-y-mousse/p/266733" aria-label="Yogur griego stracciatella Oikos pack 4 x 110 g">Yogur griego stracciatella Oikos pack 4 x 110 g</a></li><!--]--></ul><span data-test-id="carousel-next-btn" class="carrousel__btn-right dia-icon-keyboard_arrow_right"></span></div><!----><div class="add-product-to-lists-all-modals" data-test-id="add-product-to-lists-all-modals"><!----><!----><!----></div><!----></div></div><!--]--></div></div><div class="dynamic-section" data-test-id="dynamic-section"><!----><div data-test-id="dynamic-section-components-container" class="dynamic-section__components-container"><!--[--><div class="web-text dynamic-section__element" data-test-id="web-text" index="0" content-id="87cc084b-5fbe-4d2a-9907-16ce85534cd1" type="WebText" is-tablet-portrait="false" is-s-mobile="false" page-id="home" products="" targeting="[object Object]"><h2 class="web-text__headline" data-test-id="web-text-headline" aria-label="Ofertas exclusivas online">Ofertas exclusivas online</h2><!----></div><!--]--></div></div><div class="dynamic-section" data-test-id="dynamic-section"><!----><div data-test-id="dynamic-section-components-container" class="dynamic-section__components-container--option-a dynamic-section__components-container"><!--[--><a class="simple-banner simple-banner__home-padding dynamic-section__element dynamic-section__element--option-a" data-test-id="simple-banner-link" aria-label="Promociones Philadelphia, Principe, Oreo, Chips Ahoy, Milka en Dia.es" rel="external" href="https://www.dia.es/search?q=Promociones%20Philadelphia,%20Principe,%20Oreo,%20Chips%20Ahoy,%20Milka" type="SimpleBanner" is-tablet-portrait="false" is-s-mobile="false" products="" targeting="[object Object]"><!----></a><a class="simple-banner simple-banner__home-padding dynamic-section__element dynamic-section__element--option-a" data-test-id="simple-banner-link" aria-label="Promociones Asturiana en Dia.es" rel="external" href="https://www.dia.es/search?q=Promociones%20Asturiana" type="SimpleBanner" is-tablet-portrait="false" is-s-mobile="false" products="" targeting="[object Object]"><!----></a><a class="simple-banner simple-banner__home-padding dynamic-section__element dynamic-section__element--option-a" data-test-id="simple-banner-link" aria-label="Promociones Dr. Oetker en Dia.es" rel="external" href="https://www.dia.es/search?q=Promociones%20Dr%20Oetker" type="SimpleBanner" is-tablet-portrait="false" is-s-mobile="false" products="" targeting="[object Object]"><!----></a><a class="simple-banner simple-banner__home-padding dynamic-section__element dynamic-section__element--option-a" data-test-id="simple-banner-link" aria-label="Promociones Old El Paso en Dia.es" rel="external" href="https://www.dia.es/search?q=Promociones%20Old%20El%20Paso" type="SimpleBanner" is-tablet-portrait="false" is-s-mobile="false" products="" targeting="[object Object]"><!----></a><!--]--></div></div><div class="dynamic-section" data-test-id="dynamic-section"><!----><div data-test-id="dynamic-section-components-container" class="dynamic-section__components-container"><!--[--><div class="web-text dynamic-section__element" data-test-id="web-text" index="0" content-id="0497627c-7c77-41c1-8952-0e92885d9246" type="WebText" is-tablet-portrait="false" is-s-mobile="false" page-id="home" products="" targeting="[object Object]"><!----><p class="web-text__footer" data-test-id="web-text-footer" aria-label="* Promociones en una selección de productos Philadelphia, Principe, Oreo, Chips Ahoy, Milka, Central Lechera Asturiana, Dr. Oetker y Old El Paso exclusivas en Dia.es válidas hasta el 23/09/2025.">* Promociones en una selección de productos Philadelphia, Principe, Oreo, Chips Ahoy, Milka, Central Lechera Asturiana, Dr. Oetker y Old El Paso exclusivas en Dia.es válidas hasta el 23/09/2025.</p></div><!--]--></div></div><div class="dynamic-section" data-test-id="dynamic-section"><!----><div data-test-id="dynamic-section-components-container" class="dynamic-section__components-container"><!--[--><!----><!--]--></div></div><div class="dynamic-section" data-test-id="dynamic-section"><!----><div data-test-id="dynamic-section-components-container" class="dynamic-section__components-container--option-d dynamic-section__components-container"><!--[--><a class="simple-banner simple-banner__home-padding dynamic-section__element dynamic-section__element--option-d" data-test-id="simple-banner-link" aria-label="Promociones Font Vella en Dia.es" rel="external" href="https://www.dia.es/search?q=Promociones%20Font%20Vella" type="SimpleBanner" is-tablet-portrait="false" is-s-mobile="false" products="" targeting="[object Object]"><!----></a><a class="simple-banner simple-banner__home-padding dynamic-section__element dynamic-section__element--option-d" data-test-id="simple-banner-link" aria-label="Promociones Yopro en Dia.es" rel="external" href="https://www.dia.es/search?q=Promociones%20Yopro" type="SimpleBanner" is-tablet-portrait="false" is-s-mobile="false" products="" targeting="[object Object]"><!----></a><!--]--></div></div><div class="dynamic-section" data-test-id="dynamic-section"><!----><div data-test-id="dynamic-section-components-container" class="dynamic-section__components-container"><!--[--><div class="web-text dynamic-section__element" data-test-id="web-text" index="0" content-id="dfeb3b96-e17c-48f0-82f0-933f7bb1f69a" type="WebText" is-tablet-portrait="false" is-s-mobile="false" page-id="home" products="" targeting="[object Object]"><!----><p class="web-text__footer" data-test-id="web-text-footer" aria-label="* Promociones en una selección de productos Font Vella y Yopro exclusivas en Dia.es válidas hasta el 23/09/2025.">* Promociones en una selección de productos Font Vella y Yopro exclusivas en Dia.es válidas hasta el 23/09/2025.</p></div><!--]--></div></div><div class="dynamic-section" data-test-id="dynamic-section"><!----><div data-test-id="dynamic-section-components-container" class="dynamic-section__components-container"><!--[--><a class="simple-banner simple-banner__home-padding dynamic-section__element" data-test-id="simple-banner-link" aria-label="Productos Air Fryer Dia.es" rel="external" href="https://www.dia.es/l/que-se-puede-hacer-en-la-freidora-de-aire" type="SimpleBanner" is-tablet-portrait="false" is-s-mobile="false" products="" targeting="[object Object]"><!----></a><!--]--></div></div><div class="dynamic-section" data-test-id="dynamic-section"><!----><div data-test-id="dynamic-section-components-container" class="dynamic-section__components-container"><!--[--><div class="web-text dynamic-section__element" data-test-id="web-text" index="0" content-id="185894de-53b7-4ca1-bca6-dffcda961db6" type="WebText" is-tablet-portrait="false" is-s-mobile="false" page-id="home" products="" targeting="[object Object]"><h2 class="web-text__headline" data-test-id="web-text-headline" aria-label="¿Conoces nuestras marcas?">¿Conoces nuestras marcas?</h2><!----></div><!--]--></div></div><div class="dynamic-section" data-test-id="dynamic-section"><!----><div data-test-id="dynamic-section-components-container" class="dynamic-section__components-container--option-e dynamic-section__components-container"><!--[--><div class="dia-brand dynamic-section__element dynamic-section__element--option-e" data-test-id="dia-brands" index="0" type="DiaBrand" is-tablet-portrait="false" is-s-mobile="false" page-id="home" information="" products="" targeting="[object Object]"><a class="dia-brand__link" data-test-id="brand-link" rel="external" aria-label="Compra Imaqe en Dia.es" href="https://www.dia.es/l/catalogo-imaqe"><div class="dia-brand__container" data-test-id="dia-brands-list"><!----></div></a></div><div class="dia-brand dynamic-section__element dynamic-section__element--option-e" data-test-id="dia-brands" index="1" type="DiaBrand" is-tablet-portrait="false" is-s-mobile="false" page-id="home" information="" products="" targeting="[object Object]"><a class="dia-brand__link" data-test-id="brand-link" rel="external" aria-label="Compra cerveza Ramblers en Dia.es" href="https://www.dia.es/l/ramblers"><div class="dia-brand__container" data-test-id="dia-brands-list"><!----></div></a></div><div class="dia-brand dynamic-section__element dynamic-section__element--option-e" data-test-id="dia-brands" index="2" type="DiaBrand" is-tablet-portrait="false" is-s-mobile="false" page-id="home" information="" products="" targeting="[object Object]"><a class="dia-brand__link" data-test-id="brand-link" rel="external" aria-label="El Café frío de la Cafetería Dia" href="https://www.dia.es/l/Cafeteriadia"><div class="dia-brand__container" data-test-id="dia-brands-list"><!----></div></a></div><div class="dia-brand dynamic-section__element dynamic-section__element--option-e" data-test-id="dia-brands" index="3" type="DiaBrand" is-tablet-portrait="false" is-s-mobile="false" page-id="home" information="" products="" targeting="[object Object]"><a class="dia-brand__link" data-test-id="brand-link" rel="external" aria-label="Compra Temptation en Dia.es" href="https://www.dia.es/l/temptation"><div class="dia-brand__container" data-test-id="dia-brands-list"><!----></div></a></div><div class="dia-brand dynamic-section__element dynamic-section__element--option-e" data-test-id="dia-brands" index="4" type="DiaBrand" is-tablet-portrait="false" is-s-mobile="false" page-id="home" information="" products="" targeting="[object Object]"><a class="dia-brand__link" data-test-id="brand-link" rel="external" aria-label="Compra Hola Cola en Dia.es" href="https://www.dia.es/search?q=holacola"><div class="dia-brand__container" data-test-id="dia-brands-list"><!----></div></a></div><div class="dia-brand dynamic-section__element dynamic-section__element--option-e" data-test-id="dia-brands" index="5" type="DiaBrand" is-tablet-portrait="false" is-s-mobile="false" page-id="home" information="" products="" targeting="[object Object]"><a class="dia-brand__link" data-test-id="brand-link" rel="external" aria-label="Compra Snack Maniac en Dia.es" href="https://www.dia.es/search?q=snackmaniac"><div class="dia-brand__container" data-test-id="dia-brands-list"><!----></div></a></div><div class="dia-brand dynamic-section__element dynamic-section__element--option-e" data-test-id="dia-brands" index="6" type="DiaBrand" is-tablet-portrait="false" is-s-mobile="false" page-id="home" information="" products="" targeting="[object Object]"><a class="dia-brand__link" data-test-id="brand-link" rel="external" aria-label="Compra Zumosfera en Dia.es" href="https://www.dia.es/search?q=zumosfera"><div class="dia-brand__container" data-test-id="dia-brands-list"><!----></div></a></div><div class="dia-brand dynamic-section__element dynamic-section__element--option-e" data-test-id="dia-brands" index="7" type="DiaBrand" is-tablet-portrait="false" is-s-mobile="false" page-id="home" information="" products="" targeting="[object Object]"><a class="dia-brand__link" data-test-id="brand-link" rel="external" aria-label="Compra Naturmundo en Dia.es" href="https://www.dia.es/search?q=NaturmundoDia"><div class="dia-brand__container" data-test-id="dia-brands-list"><!----></div></a></div><!--]--></div></div><div class="dynamic-section" data-test-id="dynamic-section"><!----><div data-test-id="dynamic-section-components-container" class="dynamic-section__components-container"><!--[--><div class="seo-content dynamic-section__element" data-test-id="seo-content" index="0" content-id="title-and-seo-id" type="TitleAndSEO" is-tablet-portrait="false" is-s-mobile="false" page-id="home" products="" targeting="[object Object]"><h3 class="seo-content__title" data-test-id="seo-content-title" aria-label="Dia Supermercado Online">Dia Supermercado Online</h3><div class="seo-content__html" data-test-id="seo-content-html"><span>Explora la extensa variedad de productos en nuestra tienda online, y aprovecha todas las ofertas exclusivas con un servicio de entrega rápido y eficiente.<br>

<h3>Ahorra tiempo y dinero</h3> 

<strong>Dia Supermercado Online</strong> está diseñado para adaptarse a tus necesidades. Sabemos lo valioso que es tu tiempo, por eso te ofrecemos la oportunidad de <strong>hacer la compra donde y cuando quieras</strong> aprovechando todas nuestras <span><a href="https://www.dia.es/ofertas">ofertas online</a><span>.

<h4>¿Hay algún descuento activo? </h4>

<span> ¡Buenas noticias si buscas ahorrar en tu cesta de la compra! Hazte de CLUB Dia y disfruta de cupones personalizados. Además, aprovecha el descuento exclusivo usando el <span><a href="https://www.dia.es/l/cupon-primera-compra">cupón de primera compra</a><span> y llévate hasta 30€ en tus primeros pedidos online. ¡Es muy fácil y rápido!<br>

<h3>Entrega en el mismo día, descubre nuestros métodos de envío</h3>

<h4>¿Cuánto cuesta la entrega?</h4>
<span>🚚 Envío por solo 4,99€, gratis en compras superiores a 100€. <span><strong>Disfruta tus productos sin esperas.</strong> Recibe de lunes a sábado: de 10:00 h a 22:00 h (8h a 22h en Madrid). Domingos, entregas por la mañana en Madrid. <span><a href="https://www.dia.es/l/supermercado-cerca-de-mi">Comprueba disponibilidad</a>

<h4> Servicio de Entrega en 1 Hora </h4>
<span>¿Necesitas aún más rapidez? Te ofrecemos el servicio de <strong>envío en 1 hora</strong> en ciudades como Madrid, Barcelona,Sevilla, Almería, Huelva, Málaga, Valladolid y Guadalajara.<span>


<h3>Cobertura nacional</h3>
<span>Estamos presentes en la mayoría de las capitales de provincia, llegando a más de <strong>1.800 poblaciones</strong> en toda España.¡Descubre tu supermercado Dia cerca de ti! <span><a href="https://www.dia.es/l/supermercado-cerca-de-mi"> Encuentra tu supermercado.</a><span>

<h4>¿Puedo pedir online desde cualquier lugar de España?</h4>
<p> ¡Claro que sí! Ofrecemos nuestro servicio de supermercado online en <span><a href="https://www.dia.es/l/supermercado-online-madrid">Madrid</a><span> y otras ciudades principales como <span><a href="https://www.dia.es/l/supermercado-online-barcelona">Barcelona</a><span>, <span><a href="https://www.dia.es/l/supermercado-online-valencia">Valencia</a><span>, <span><a href="https://www.dia.es/l/supermercado-online-malaga">Málaga</a><span>, <span><a href="https://www.dia.es/l/supermercado-online-sevilla">Sevilla</a><span>, y gran parte del territorio nacional.<br>

</span></span></span></span></span></span></span></span></span></span></p><h3>Cómo comprar online en Dia.es</h3>
<span>Si aún no has comprado online en Dia, sigue nuestra guía paso a paso sobre <span><a href="https://www.dia.es/l/como-comprar-online">como comprar online</a>. Además, explora nuestra selección de comida preparada a domicilio y  <span><a href="https://www.dia.es/l/marcas">todas las marcas</a><span> en <strong>Dia Supermercado Online</strong>.</span></span></span></span></span></span></span></span></span></span></span></span></span></span></span></span></span></span></div></div><!--]--></div></div><!--]--></div></div><div></div><div class="home-view__fixed-button-section-survey" data-test-id="scroll-to-top"><div class="scroll-to-top home-view__fixed-button-scroll"><!----></div></div><div class="dia-footer home-view__footer" data-test-id="dia-footer"><div data-test-id="footer-signature" class="footer-signature__signature" items-position="footer"><p data-test-id="footer-signature-text">Dia Supermercado online</p></div><div class="footer-info__list"><!--[--><div data-test-id="footer-information" class="footer-info__odd-section footer-info__section"><span data-test-id="footer-information-permalink" class="footer-info__section--permalink" rel="external"><div class="footer-info__section--main"><div class="footer-info__section--logo"><div data-test-id="footer-information-icon" class="dia-icon-truck footer-info__information--icon"></div></div><div class="footer-info__information"><p data-test-id="footer-information-title" class="footer-info__information-title">Pide hoy, recibe hoy</p><p data-test-id="footer-information-text" class="footer-info__information-text">Entrega rápida y en la franja horaria que mejor te venga.</p></div></div></span><hr class="footer-info__breaker"></div><div data-test-id="footer-information" class="footer-info__even-section footer-info__section"><span data-test-id="footer-information-permalink" class="footer-info__section--permalink" rel="external"><div class="footer-info__section--main"><div class="footer-info__section--logo"><div data-test-id="footer-information-icon" class="dia-icon-euro footer-info__information--icon"></div></div><div class="footer-info__information"><p data-test-id="footer-information-title" class="footer-info__information-title">Envío desde 4,99€</p><p data-test-id="footer-information-text" class="footer-info__information-text">Envío estándar por 4,99€. Gratis con +100€. Envío express por 4,99€.</p></div></div></span><hr class="footer-info__breaker"></div><div data-test-id="footer-information" class="footer-info__odd-section footer-info__section"><a data-test-id="footer-information-permalink" class="footer-info__section--permalink" rel="external" href="https://www.dia.es/tiendas/buscador-tiendas-folletos"><div class="footer-info__section--main"><div class="footer-info__section--logo"><div data-test-id="footer-information-icon" class="dia-icon-location-on footer-info__information--icon"></div></div><div class="footer-info__information"><p data-test-id="footer-information-title" class="footer-info__information-title">Encuentra tu tienda</p><p data-test-id="footer-information-text" class="footer-info__information-text">Localiza tu tienda y descubre las mejores ofertas.</p></div></div></a><hr class="footer-info__breaker"></div><div data-test-id="footer-information" class="footer-info__even-section footer-info__section"><a data-test-id="footer-information-permalink" class="footer-info__section--permalink" rel="external" href="https://www.dia.es/folleto"><div class="footer-info__section--main"><div class="footer-info__section--logo"><div data-test-id="footer-information-icon" class="dia-icon-brochure footer-info__information--icon"></div></div><div class="footer-info__information"><p data-test-id="footer-information-title" class="footer-info__information-title">Folletos</p><p data-test-id="footer-information-text" class="footer-info__information-text">Descubre las mejores Ofertas.</p></div></div></a><hr class="footer-info__breaker"></div><div data-test-id="footer-information" class="footer-info__odd-section footer-info__section"><a data-test-id="footer-information-permalink" class="footer-info__section--permalink" rel="external" href="https://www.dia.es/l/clubdia"><div class="footer-info__section--main"><div class="footer-info__section--logo"><div data-test-id="footer-information-icon" class="dia-icon-credit-card footer-info__information--icon"></div></div><div class="footer-info__information"><p data-test-id="footer-information-title" class="footer-info__information-title">Tarjeta CLUB Dia</p><p data-test-id="footer-information-text" class="footer-info__information-text">Solicita tu tarjeta y disfruta las ventajas del club.</p></div></div></a><hr class="footer-info__breaker"></div><div data-test-id="footer-information" class="footer-info__even-section footer-info__section"><a data-test-id="footer-information-permalink" class="footer-info__section--permalink" rel="external" href="https://www.dia.es/tickets-delivery"><div class="footer-info__section--main"><div class="footer-info__section--logo"><div data-test-id="footer-information-icon" class="dia-icon-bill footer-info__information--icon"></div></div><div class="footer-info__information"><p data-test-id="footer-information-title" class="footer-info__information-title">Glovo, Uber Eats y Just Eat</p><p data-test-id="footer-information-text" class="footer-info__information-text">Solicita tu factura de Glovo, Uber Eats o Just Eat</p></div></div></a><hr class="footer-info__breaker"></div><!--]--></div><ul data-test-id="footer-webs" class="footer-webs"><!--[--><li data-test-id="footer-webs-section" class="footer-webs__section"><a data-test-id="footer-webs-section-link" class="footer-webs__section-link" rel="external" href="http://blog.dia.es/">Recetas</a><p class="footer-webs__circle">·</p></li><li data-test-id="footer-webs-section" class="footer-webs__section"><a data-test-id="footer-webs-section-link" class="footer-webs__section-link" rel="external" href="https://www.dia.es/l/comer-mejor-cada-dia">Comer mejor cada Dia</a><p class="footer-webs__circle">·</p></li><li data-test-id="footer-webs-section" class="footer-webs__section"><a data-test-id="footer-webs-section-link" class="footer-webs__section-link" rel="external" href="https://empleo.dia.es/">Empleo</a><p class="footer-webs__circle">·</p></li><li data-test-id="footer-webs-section" class="footer-webs__section"><a data-test-id="footer-webs-section-link" class="footer-webs__section-link" rel="external" href="https://www.dia.es/contacto-proveedores">Colabora con DIA</a><p class="footer-webs__circle">·</p></li><li data-test-id="footer-webs-section" class="footer-webs__section"><a data-test-id="footer-webs-section-link" class="footer-webs__section-link" rel="external" href="https://franquicia.dia.es/">Abre tu tienda</a><p class="footer-webs__circle">·</p></li><li data-test-id="footer-webs-section" class="footer-webs__section"><a data-test-id="footer-webs-section-link" class="footer-webs__section-link" rel="external" href="https://diacorporate.com/">DIA corporate</a><p class="footer-webs__circle">·</p></li><!--]--></ul><div class="dia-footer__contact"><div data-test-id="footer-social-media" class="social-media__social"><!--[--><div data-test-id="footer-social-media-section" class="social-media__social--section"><a data-test-id="footer-social-media-permalink" class="social-media__social--icon" rel="external" href="https://twitter.com/dia_group?lang=es"><div data-test-id="footer-social-icon" class="dia-icon-twitter social-media__information--icon" title="Twitter"></div></a></div><div data-test-id="footer-social-media-section" class="social-media__social--section"><a data-test-id="footer-social-media-permalink" class="social-media__social--icon" rel="external" href="https://www.facebook.com/DIAEspana?lang=es"><div data-test-id="footer-social-icon" class="dia-icon-facebook social-media__information--icon" title="Facebook"></div></a></div><div data-test-id="footer-social-media-section" class="social-media__social--section"><a data-test-id="footer-social-media-permalink" class="social-media__social--icon" rel="external" href="https://instagram.com/dia_esp?lang=es"><div data-test-id="footer-social-icon" class="dia-icon-instagram social-media__information--icon" title="Instagram"></div></a></div><div data-test-id="footer-social-media-section" class="social-media__social--section"><a data-test-id="footer-social-media-permalink" class="social-media__social--icon" rel="external" href="https://www.tiktok.com/@dia_espana?lang=es"><div data-test-id="footer-social-icon" class="dia-icon-tik-tok social-media__information--icon" title="Tik Tok"></div></a></div><div data-test-id="footer-social-media-section" class="social-media__social--section"><a data-test-id="footer-social-media-permalink" class="social-media__social--icon" rel="external" href="https://www.youtube.com/user/DIAespana"><div data-test-id="footer-social-icon" class="dia-icon-youtube social-media__information--icon" title="Youtube"></div></a></div><!--]--></div><div class="dia-footer__contact-drop"><div class="select-wrapper" data-test-id="select-language"><ul class="select-wrapper__drop-down" style="height: 0"><li class="select-wrapper__item"><span class="select-wrapper__es-lang"><span class="dia-icon-es"></span><span class="dia-icon-es1"></span><span class="dia-icon-es2"></span></span><p class="select-wrapper__item--language">Español</p></li><li class="select-wrapper__item"><span class="select-wrapper__ca-lang"><span class="dia-icon-ca"></span><span class="dia-icon-ca2"></span><span class="dia-icon-ca3"></span><span class="dia-icon-ca4"></span><span class="dia-icon-ca5"></span></span><p class="select-wrapper__item--language">Català</p></li><li class="select-wrapper__item"><span class="select-wrapper__en-lang"><span class="dia-icon-en1"></span><span class="dia-icon-en2"></span><span class="dia-icon-en3"></span><span class="dia-icon-en4"></span><span class="dia-icon-en5"></span><span class="dia-icon-en6"></span><span class="dia-icon-en7"></span><span class="dia-icon-en8"></span><span class="dia-icon-en9"></span><span class="dia-icon-en10"></span><span class="dia-icon-en11"></span><span class="dia-icon-en12"></span><span class="dia-icon-en13"></span></span><p class="select-wrapper__item--language">English</p></li><li class="select-wrapper__item"><span class="select-wrapper__pt-lang"><span class="dia-icon-pt"></span><span class="dia-icon-pt1"></span></span><p class="select-wrapper__item--language">Português</p></li></ul><ul class="select-wrapper__select-language"><li class="select-wrapper__item"><span class="select-wrapper__es-lang"><span class="dia-icon-es"></span><span class="dia-icon-es1"></span><span class="dia-icon-es2"></span></span><p class="select-wrapper__item--language">Español</p></li><li class="dia-icon-arrow_drop_down"></li></ul></div><div class="customer-support"><!--[--><div data-test-id="footer-customer-support" class="customer-support__att"><a data-test-id="footer-customer-support-link" class="customer-support__att--title" rel="external" href="https://www.dia.es/l/atencion-al-cliente"><div class="customer-support__att--icon dia-icon-phone-call"></div><p>Atención al cliente</p></a></div><!--]--></div></div></div><!--[--><div data-test-id="footer-legals" class="footer-legals__legals"><!--[--><div class="footer-legals__privacy"><div data-test-id="footer-legals-section" class="footer-legals__privacy--policy"><span data-test-id="footer-legals-section-link" class="footer-legals__privacy--permalink" rel="external"><p data-test-id="footer-legals-section-title">Política de privacidad</p></span></div><hr class="footer-legals__breaker"></div><div class="footer-legals__privacy"><div data-test-id="footer-legals-section" class="footer-legals__privacy--policy"><a data-test-id="footer-legals-section-link" class="footer-legals__privacy--permalink" rel="external" href="https://www.dia.es/l/politica-cookies"><p data-test-id="footer-legals-section-title">Política de cookies</p></a></div><hr class="footer-legals__breaker"></div><div class="footer-legals__privacy"><div data-test-id="footer-legals-section" class="footer-legals__privacy--policy"><a data-test-id="footer-legals-section-link" class="footer-legals__privacy--permalink" rel="external" href="https://www.dia.es/l/aviso-legal"><p data-test-id="footer-legals-section-title">Aviso legal</p></a></div><hr class="footer-legals__breaker"></div><div class="footer-legals__privacy"><div data-test-id="footer-legals-section" class="footer-legals__privacy--policy"><span data-test-id="footer-legals-section-link" class="footer-legals__privacy--permalink" rel="external"><p data-test-id="footer-legals-section-title">Condiciones de compra</p></span></div><hr class="footer-legals__breaker"></div><!--]--></div><!----><!--]--></div></div><!--]--></div></div></div>
        <script type="module" src="./DIA_files/entry-server-routing.f8612835.js.descarga" defer=""></script>
        <link rel="modulepreload" href="https://www.dia.es/home-front/assets/entries/src_pages_index_index.page.353f0e4a.js" as="script" type="text/javascript">
        <link rel="modulepreload" href="https://www.dia.es/home-front/assets/chunks/chunk-cf010ec4.js" as="script" type="text/javascript">
        <link rel="modulepreload" href="https://www.dia.es/home-front/assets/chunks/chunk-364814bf.js" as="script" type="text/javascript">
        <link rel="modulepreload" href="https://www.dia.es/home-front/assets/chunks/chunk-5d834894.js" as="script" type="text/javascript">
        <link rel="modulepreload" href="https://www.dia.es/home-front/assets/chunks/chunk-e95786dc.js" as="script" type="text/javascript">
        <link rel="modulepreload" href="https://www.dia.es/home-front/assets/chunks/chunk-7f2ef1b7.js" as="script" type="text/javascript">
        <link rel="modulepreload" href="https://www.dia.es/home-front/assets/entries/renderer_default.page.client.10b2e818.js" as="script" type="text/javascript">
        <link rel="modulepreload" href="https://www.dia.es/home-front/assets/entries/renderer_default.page.server.extractAssets.4ed993c7.js" as="script" type="text/javascript">
        <link rel="modulepreload" href="https://www.dia.es/home-front/assets/chunks/chunk-0ef29f7a.js" as="script" type="text/javascript">
        <link rel="modulepreload" href="https://www.dia.es/home-front/assets/chunks/chunk-0f8e2ea4.js" as="script" type="text/javascript">
        <script id="vike_pageContext" type="application/json">{"pageProps":"!undefined","routeParams":{"is404":null},"urlPathname":"/","INITIAL_STATE":{"config":{"ssrHeaders":{"Accept":"application/json, text/plain, */*","Content-Type":"!undefined","cart_id":"2ead8e67-9740-4163-a558-0c64fdfdb2cf","session_id":"ee67b098-69a2-4fde-b7e9-e1ca422dbdaf","customer_id":"","x-locale":"es","x-mobile":"","customer_code":""},"baseUrl":"https://www.dia.es"},"cartData":{"id":"","amount":"","postal_code":""},"customerData":{"id":"","display_name":""},"categoriesData":{"selected_id":"","categories":[]},"availableLocales":["es","ca","en","pt"],"apiEnvironmentVariables":{"appBanner":{"appBannerEnabled":"true","appDeepLink":"oneappdiaes://","androidCustomDeepLink":"https://app.adjust.com/1auff9i5?deep_link=oneappdiaes%3A%2F%2F&fallback=https%3A%2F%2Fwww.dia.es%2Fl%2Fclubdia-app&redirect_macos=https%3A%2F%2Fwww.dia.es%2Fl%2Fclubdia-app","iosCustomDeepLink":"","diaAppAndroidStore":"https://play.google.com/store/apps/details?id=es.dia","diaAppIosStore":"itms-apps://itunes.apple.com/app/supermercados-dia/id660175630","storeRedirectionTimeout":250,"safariStoreRedirectionTimeout":3000},"domain":"www.dia.es","listsEnabled":"true","mobileCarouselPreloadItems":3,"desktopCarouselPreloadItems":7,"banners":{"useNewMonetizedSlots":"true","google":{"googleBannerEnabled":"false","googleClientId":"22786896130","googleBannerEnv":"dia-prod","googleBannerPosition":"banner_horizontal_home","googleRetriesNumber":10},"server2server":{"server2ServerBannersEnabled":true}},"analytics":{"enabled":"true","id":"GTM-N9J2VZR","useNewSearchAnalytics":"true","disableEvents":"","enableCriteoEvents":"true"},"cookies":{"productionCookie":"true","cookieEnabled":"true","oneTrustAutoBlockEnabled":"false","cookieScriptId":"5a716931-44b0-415f-9bf7-3a94d961c123"},"search":{"minCharsToSearch":2,"debounceMilliseconds":"500"},"surveyButton":{"enableSurveyButton":false,"surveyIdentifier":"supermercados.diaes/vwGteA","esDataMessage":"¿Te gusta nuestra nueva tienda online?","enDataMessage":"Do you like our new online store?","caDataMessage":"Li agrada la nostra nova botiga online?","ptDataMessage":"Gostou da nossa nova loja online?"},"freeShipping":"100","shippingCost":"4,99"},"headersToPropagate":{"X-Algolia-Hit":"false","X-Cache-Hit":"true","X-Searchable-Contents-Algolia-Hits":"0"},"redirection":{"location":"","redirectionStatus":0},"home":{"content":{"id":"home","sections":[{"content":[{"data":{"alt":"Descarga por primera vez la APP y llévate 5€ de bienvenida al darte de alta, y además 20€ para hacer tu primera compra online.","desktop_image":"/content-manager/image/Carpeta_IMG_banners_home_2023/bannerhome_captacionAPP_desktop_v2_2025.png","link":"https://www.dia.es/l/clubdia-app","mobile_image":"/content-manager/image/Carpeta_IMG_banners_home_2023/bannerhome_captacionAPP_mobile_v2_2025.png"},"end_time":"2025-10-08T21:59:00Z","id":"2900fc01-da77-4957-ad0b-fd4d4f7a9ca4","name":"banner_captacion_app_campaign_septiembre_2025","start_time":"2025-09-09T22:00:00Z","type":"SimpleBanner"}]},{"content":[{"data":{"position":"headline","text":"Ofertas y destacados para alegrarte el día"},"end_time":"2029-10-16T05:50:00Z","id":"1a2924d9-963f-4d6f-a865-e0bce20897f8","name":"titular_ofertas_pw01_2024_pos9","start_time":"2024-01-02T23:00:00Z","type":"WebText"}]},{"content":[{"data":{"search_term":"HomeCarouselw38pos3"},"end_time":"2025-09-23T21:59:00Z","id":"ce903f86-d255-4c2f-97e0-69f1261bc10b","name":"carrusel_ofertas_pw38_2025_pos3","products":[{"brand":"Central Lechera Asturiana","display_name":"Leche semidesnatada Central Lechera Asturiana pack 6 x 1.5 l","expiration_days":0,"image":"/product_images/5716P6/5716P6_ISO_0_ES.jpg","prices":{"currency":"EUR","discount_percentage":5,"is_club_price":true,"is_promo_price":true,"measure_unit":"LITRO","price":10.5,"price_per_unit":1.17,"strikethrough_price":11.1},"sku_id":"5716P6","units_in_cart":0,"units_in_stock":132,"url":"/leche-huevos-y-mantequilla/leche/p/5716P6","weight":0},{"brand":"Red bull","display_name":"Bebida energética sin azúcar Red bull lata 250 ml","expiration_days":0,"image":"/product_images/54604/54604_ISO_0_ES.jpg","prices":{"currency":"EUR","discount_percentage":0,"is_club_price":false,"is_promo_price":false,"measure_unit":"LITRO","price":1.59,"price_per_unit":6.36,"strikethrough_price":1.59},"promotions":[{"description":"3X2 SELECCIÓN RED BULL","only_club_dia":true,"short_description":"SELECCIÓN RED BULL"}],"sku_id":"54604","units_in_cart":0,"units_in_stock":242,"url":"/agua-refrescos-y-zumos/bebidas-energeticas/p/54604","weight":0},{"brand":"Coosur","display_name":"Aceite de oliva virgen extra hojiblanca Coosur botella 1 l","expiration_days":0,"image":"/product_images/104653/104653_ISO_0_ES.jpg","prices":{"currency":"EUR","discount_percentage":30,"is_club_price":true,"is_promo_price":true,"measure_unit":"LITRO","price":5.1,"price_per_unit":5.1,"strikethrough_price":7.29},"sku_id":"104653","units_in_cart":0,"units_in_stock":237,"url":"/aceites-salsas-y-especias/aceites/p/104653","weight":0},{"brand":"Carretilla","display_name":"Espárragos blancos extra calibre grueso 8/12 piezas Carretilla frasco 205 g","expiration_days":0,"image":"/product_images/82533/82533_ISO_0_ES.jpg","prices":{"currency":"EUR","discount_percentage":0,"is_club_price":false,"is_promo_price":false,"measure_unit":"KILO","price":3.49,"price_per_unit":17.02,"strikethrough_price":3.49},"promotions":[{"description":"2ª UD AL 50% DTO. EN CARRETILLA","only_club_dia":true,"short_description":"SELECCIÓN CARRETILLA"}],"sku_id":"82533","units_in_cart":0,"units_in_stock":22,"url":"/conservas-caldos-y-cremas/conservas-vegetales/p/82533","weight":0},{"brand":"Calvo","display_name":"Atún claro en aceite de oliva Calvo lata 3 x 52 g","expiration_days":0,"image":"/product_images/61500/61500_ISO_0_ES.jpg","prices":{"currency":"EUR","discount_percentage":0,"is_club_price":false,"is_promo_price":false,"measure_unit":"KILO","price":4.45,"price_per_unit":28.53,"strikethrough_price":4.45},"promotions":[{"description":"2ª UD AL 50% DTO. ATÚN A.OLIVA CALVO 3 X 52 G","only_club_dia":true,"short_description":"ATÚN CLARO A.OLIVA"}],"sku_id":"61500","units_in_cart":0,"units_in_stock":117,"url":"/conservas-caldos-y-cremas/atun-bonito-y-caballa/p/61500","weight":0},{"brand":"Coca-Cola","display_name":"Refresco de cola zero azúcar Coca-Cola lata 12 x 33 cl","expiration_days":0,"image":"/product_images/79802/79802_ISO_0_ES.jpg","prices":{"currency":"EUR","discount_percentage":7,"is_club_price":true,"is_promo_price":true,"measure_unit":"LITRO","price":9.96,"price_per_unit":2.52,"strikethrough_price":10.8},"sku_id":"79802","units_in_cart":0,"units_in_stock":294,"url":"/agua-refrescos-y-zumos/cola/p/79802","weight":0},{"brand":"Mahou","display_name":"Cerveza tostada 0,0% alcohol Mahou lata 12 x 33 cl","expiration_days":0,"image":"/product_images/259450/259450_ISO_0_ES.jpg","prices":{"currency":"EUR","discount_percentage":20,"is_club_price":true,"is_promo_price":true,"measure_unit":"LITRO","price":7.78,"price_per_unit":1.96,"strikethrough_price":9.75},"sku_id":"259450","units_in_cart":0,"units_in_stock":31,"url":"/cervezas-vinos-y-bebidas-con-alcohol/cervezas-sin-alcohol/p/259450","weight":0},{"brand":"Mahou","display_name":"Cerveza clásica Mahou lata 24 x 33 cl","expiration_days":0,"image":"/product_images/186607/186607_ISO_0_ES.jpg","prices":{"currency":"EUR","discount_percentage":25,"is_club_price":true,"is_promo_price":true,"measure_unit":"LITRO","price":13.14,"price_per_unit":1.66,"strikethrough_price":17.55},"sku_id":"186607","units_in_cart":0,"units_in_stock":92,"url":"/cervezas-vinos-y-bebidas-con-alcohol/cervezas/p/186607","weight":0},{"brand":"Hellmanns","display_name":"Gran mayonesa Hellmanns frasco 450 ml","expiration_days":0,"image":"/product_images/101007/101007_ISO_0_ES.jpg","prices":{"currency":"EUR","discount_percentage":0,"is_club_price":false,"is_promo_price":false,"measure_unit":"LITRO","price":3.25,"price_per_unit":7.22,"strikethrough_price":3.25},"promotions":[{"description":"2ª UD AL 50% DTO. EN SELECCIÓN HELLMANN´S","only_club_dia":true,"short_description":"SELECCIÓN HELLMANN´S"}],"sku_id":"101007","units_in_cart":0,"units_in_stock":98,"url":"/aceites-salsas-y-especias/mayonesa-ketchup-y-otras-salsas/p/101007","weight":0},{"brand":"Doritos","display_name":"Nachos sabor a queso Doritos bolsa 225 g","expiration_days":0,"image":"/product_images/188945/188945_ISO_0_ES.jpg","prices":{"currency":"EUR","discount_percentage":0,"is_club_price":false,"is_promo_price":false,"measure_unit":"KILO","price":2.99,"price_per_unit":13.29,"strikethrough_price":2.99},"promotions":[{"description":"2ª UD AL 50% DTO. SELECCIÓN DORITOS Y RUFFLES","only_club_dia":true,"short_description":"SELEC DORITOS Y RUFF"}],"sku_id":"188945","units_in_cart":0,"units_in_stock":77,"url":"/patatas-fritas-encurtidos-y-frutos-secos/patatas-fritas-y-aperitivos/p/188945","weight":0},{"brand":"Ruffles","display_name":"Patatas fritas onduladas sabor a jamón Ruffles bolsa 243 g","expiration_days":0,"image":"/product_images/184167/184167_ISO_0_ES.jpg","prices":{"currency":"EUR","discount_percentage":0,"is_club_price":false,"is_promo_price":false,"measure_unit":"KILO","price":2.99,"price_per_unit":12.3,"strikethrough_price":2.99},"product_info":"Sin gluten","promotions":[{"description":"2ª UD AL 50% DTO. SELECCIÓN DORITOS Y RUFFLES","only_club_dia":true,"short_description":"SELEC DORITOS Y RUFF"}],"sku_id":"184167","units_in_cart":0,"units_in_stock":91,"url":"/patatas-fritas-encurtidos-y-frutos-secos/patatas-fritas-y-aperitivos/p/184167","weight":0},{"brand":"Aquarius","display_name":"Bebida refrescante de limón Aquarius botella 1.5 l","expiration_days":0,"image":"/product_images/39737/39737_ISO_0_ES.jpg","prices":{"currency":"EUR","discount_percentage":9,"is_club_price":true,"is_promo_price":true,"measure_unit":"LITRO","price":1.8,"price_per_unit":1.2,"strikethrough_price":1.99},"sku_id":"39737","units_in_cart":0,"units_in_stock":60,"url":"/agua-refrescos-y-zumos/bebidas-isotonicas/p/39737","weight":0}],"properties":{"searchable_content":true,"searchable_size":12},"query_id":"1f4f5d6345c5835111fa21456eff4d00","start_time":"2025-09-16T22:00:00Z","type":"ProductCarousel"}]},{"content":[{"data":{"alt":"Ofertas en fruta y verdura Dia.es","desktop_image":"/content-manager/image/home_categoria_pw37_pw38_2025/frutayverdura_PW38_desktop.png","link":"https://www.dia.es/search?q=descubre%20precios%20rebajados%20fruta%20y%20verdura","mobile_image":"/content-manager/image/home_categoria_pw37_pw38_2025/frutayverdura_PW38_mobile.png"},"end_time":"2025-09-23T21:59:00Z","id":"b5464879-ab1e-486a-a956-abc081f49c59","name":"banner_oferta_home_FyV_pw38_2025_pos4","start_time":"2025-09-16T22:00:00Z","type":"SimpleBanner"}]},{"content":[{"data":{"position":"headline","text":"Diariamente frescos"},"end_time":"2029-10-16T15:56:00Z","id":"2109be1a-1e89-4225-b9be-dcc037383951","name":"titular_frescos_2023_pos5","start_time":"2023-09-12T22:00:00Z","type":"WebText"}]},{"content":[{"data":{"search_term":"HomeCarouselfrescosw38pos6"},"end_time":"2025-09-23T21:59:00Z","id":"94cb2aba-b0ee-446c-a32d-17bf120f61b6","name":"carrusel_frescos_pw38_2025_pos6","products":[{"brand":"Selección de Dia","display_name":"Chistorra de navarra Selección de Dia bolsa 220 g","expiration_days":0,"image":"/product_images/32912/32912_ISO_0_ES.jpg","prices":{"currency":"EUR","discount_percentage":20,"is_club_price":false,"is_promo_price":true,"measure_unit":"KILO","price":1.35,"price_per_unit":6.14,"strikethrough_price":1.69},"sku_id":"32912","units_in_cart":0,"units_in_stock":33,"url":"/carniceria/cerdo/p/32912","weight":0},{"brand":"Selección de Dia","display_name":"Preparado de carne picada de pollo Selección de Dia bandeja 365 g","expiration_days":0,"image":"/product_images/291140/291140_ISO_0_ES.jpg","prices":{"currency":"EUR","discount_percentage":20,"is_club_price":false,"is_promo_price":true,"measure_unit":"KILO","price":2.39,"price_per_unit":6.55,"strikethrough_price":2.99},"sku_id":"291140","units_in_cart":0,"units_in_stock":46,"url":"/carniceria/hamburguesas-y-carne-picada/p/291140","weight":0},{"average_weight":1000,"display_name":"Plátano de canarias bolsa 1 Kg aprox.","expiration_days":0,"image":"/product_images/11468/11468_ISO_0_ES.jpg","prices":{"currency":"EUR","discount_percentage":0,"is_club_price":false,"is_promo_price":false,"measure_unit":"KILO","price":1.39,"price_per_unit":1.39,"strikethrough_price":1.39},"sku_id":"11468","units_in_cart":0,"units_in_stock":208,"url":"/frutas/platanos/p/11468","weight":0,"weight_in_grams":1000},{"display_name":"Mandarina Selección malla 750 g","expiration_days":0,"image":"/product_images/206952/206952_ISO_0_ES.jpg","prices":{"currency":"EUR","discount_percentage":0,"is_club_price":false,"is_promo_price":false,"measure_unit":"KILO","price":1.99,"price_per_unit":2.65,"strikethrough_price":1.99},"sku_id":"206952","units_in_cart":0,"units_in_stock":100,"url":"/frutas/naranjas-y-mandarinas/p/206952","weight":0},{"display_name":"Manzana roja bolsa 1 Kg","expiration_days":0,"image":"/product_images/11466/11466_ISO_0_ES.jpg","prices":{"currency":"EUR","discount_percentage":0,"is_club_price":false,"is_promo_price":false,"measure_unit":"KILO","price":1.49,"price_per_unit":1.49,"strikethrough_price":1.49},"sku_id":"11466","units_in_cart":0,"units_in_stock":86,"url":"/frutas/manzanas/p/11466","weight":0},{"display_name":"Mango bandeja 600 g","expiration_days":0,"image":"/product_images/166057/166057_ISO_0_ES.jpg","prices":{"currency":"EUR","discount_percentage":0,"is_club_price":false,"is_promo_price":false,"measure_unit":"KILO","price":1.49,"price_per_unit":2.48,"strikethrough_price":1.49},"sku_id":"166057","units_in_cart":0,"units_in_stock":119,"url":"/frutas/frutas-tropicales/p/166057","weight":0},{"display_name":"Cebolla malla 1.5 Kg","expiration_days":0,"image":"/product_images/193474/193474_ISO_0_ES.jpg","prices":{"currency":"EUR","discount_percentage":0,"is_club_price":false,"is_promo_price":false,"measure_unit":"KILO","price":1.99,"price_per_unit":1.33,"strikethrough_price":1.99},"sku_id":"193474","units_in_cart":0,"units_in_stock":361,"url":"/verduras/ajos-cebollas-y-puerros/p/193474","weight":0},{"display_name":"Patata especial para freir malla 2 Kg","expiration_days":0,"image":"/product_images/248458/248458_ISO_0_ES.jpg","prices":{"currency":"EUR","discount_percentage":0,"is_club_price":false,"is_promo_price":false,"measure_unit":"KILO","price":2.49,"price_per_unit":1.25,"strikethrough_price":2.49},"sku_id":"248458","units_in_cart":0,"units_in_stock":219,"url":"/verduras/patatas-y-zanahorias/p/248458","weight":0},{"average_weight":200,"display_name":"Tomate en rama granel 1 Kg aprox.","expiration_days":0,"image":"/product_images/109/109_ISO_0_ES.jpg","prices":{"currency":"EUR","discount_percentage":0,"is_club_price":false,"is_promo_price":false,"measure_unit":"KILO","price":1.89,"price_per_unit":1.89,"strikethrough_price":1.89},"sku_id":"109","units_in_cart":0,"units_in_stock":375,"url":"/verduras/tomates-pimientos-y-pepinos/p/109","weight":0,"weight_in_grams":1000},{"display_name":"Pimientos tricolor bolsa 500 g","expiration_days":0,"image":"/product_images/102283/102283_ISO_0_ES.jpg","prices":{"currency":"EUR","discount_percentage":0,"is_club_price":false,"is_promo_price":false,"measure_unit":"KILO","price":1.39,"price_per_unit":2.78,"strikethrough_price":1.39},"sku_id":"102283","units_in_cart":0,"units_in_stock":293,"url":"/verduras/tomates-pimientos-y-pepinos/p/102283","weight":0}],"properties":{"searchable_content":true,"searchable_size":12},"query_id":"fdef48200564ee3bdda523f186d77c40","start_time":"2025-09-16T22:00:00Z","type":"ProductCarousel"}]},{"content":[{"data":{"position":"headline","text":"Ofertas 20% en Nueva Calidad Dia"},"end_time":"2025-09-30T21:59:00Z","id":"07d4c894-92cb-4693-9285-27086354901c","name":"titular_mdd_pw38_2025_pos7","start_time":"2025-09-16T22:00:00Z","type":"WebText"}]},{"content":[{"data":{"search_term":"HomeCarouselmddw38pos8"},"end_time":"2025-09-23T21:59:00Z","id":"01582885-1bcc-4a62-84c8-9d304a73ca4f","name":"carrusel_mdd_pw38_2025_pos8","products":[{"brand":"Al Punto Dia","display_name":"Parrillada de verduras asadas Al Punto Dia bolsa 400 g","expiration_days":0,"image":"/product_images/267133/267133_ISO_0_ES.jpg","prices":{"currency":"EUR","discount_percentage":20,"is_club_price":true,"is_promo_price":true,"measure_unit":"KILO","price":1.24,"price_per_unit":3.1,"strikethrough_price":1.55},"sku_id":"267133","units_in_cart":0,"units_in_stock":186,"url":"/congelados/verduras-hortalizas-y-salteados/p/267133","weight":0},{"brand":"Patatas Unidas Dia","display_name":"Patatas gajo Patatas Unidas Dia bolsa 750 g","expiration_days":0,"image":"/product_images/262685/262685_ISO_0_ES.jpg","prices":{"currency":"EUR","discount_percentage":20,"is_club_price":true,"is_promo_price":true,"measure_unit":"KILO","price":1.44,"price_per_unit":1.92,"strikethrough_price":1.8},"product_info":"Sin gluten","sku_id":"262685","units_in_cart":0,"units_in_stock":159,"url":"/congelados/patatas-fritas/p/262685","weight":0},{"brand":"Mari Marinera de Dia","display_name":"Palitos de surimi ultracongelados MSC Mari Marinera de Dia bolsa 450 g","expiration_days":0,"image":"/product_images/3374/3374_ISO_0_ES.jpg","prices":{"currency":"EUR","discount_percentage":20,"is_club_price":false,"is_promo_price":true,"measure_unit":"KILO","price":1.59,"price_per_unit":3.54,"strikethrough_price":1.99},"product_info":"Sin gluten","sku_id":"3374","units_in_cart":0,"units_in_stock":63,"url":"/congelados/pescado-y-marisco/p/3374","weight":0},{"brand":"Caprichoso Dia","display_name":"Gelatina de fresa Caprichoso Dia pack 6 x 100 g","expiration_days":0,"image":"/product_images/108518/108518_ISO_0_ES.jpg","prices":{"currency":"EUR","discount_percentage":20,"is_club_price":true,"is_promo_price":true,"measure_unit":"KILO","price":0.79,"price_per_unit":1.32,"strikethrough_price":0.99},"sku_id":"108518","units_in_cart":0,"units_in_stock":127,"url":"/yogures-y-postres/gelatinas-y-otros-postres/p/108518","weight":0},{"brand":"Caprichoso Dia","display_name":"Gelatina de fresa, limón y multifruta Caprichoso Dia pack 6 x 100 g","expiration_days":0,"image":"/product_images/139596/139596_ISO_0_ES.jpg","prices":{"currency":"EUR","discount_percentage":20,"is_club_price":true,"is_promo_price":true,"measure_unit":"KILO","price":0.79,"price_per_unit":1.32,"strikethrough_price":0.99},"product_info":"Sin gluten","sku_id":"139596","units_in_cart":0,"units_in_stock":221,"url":"/yogures-y-postres/gelatinas-y-otros-postres/p/139596","weight":0},{"brand":"Dia Láctea","display_name":"Rulo de queso de cabra Dia Lactea 140 g","expiration_days":0,"image":"/product_images/120966/120966_ISO_0_ES.jpg","prices":{"currency":"EUR","discount_percentage":20,"is_club_price":true,"is_promo_price":true,"measure_unit":"KILO","price":1.32,"price_per_unit":9.43,"strikethrough_price":1.65},"sku_id":"120966","units_in_cart":0,"units_in_stock":152,"url":"/charcuteria-y-quesos/queso-curado-semicurado-y-tierno/p/120966","weight":0},{"brand":"Selección Mundial de Dia","display_name":"Queso cheddar Selección Mundial de Dia sobre 160 g","expiration_days":0,"image":"/product_images/303099/303099_ISO_0_ES.jpg","prices":{"currency":"EUR","discount_percentage":20,"is_club_price":true,"is_promo_price":true,"measure_unit":"KILO","price":1.59,"price_per_unit":9.95,"strikethrough_price":1.99},"sku_id":"303099","units_in_cart":0,"units_in_stock":103,"url":"/charcuteria-y-quesos/quesos-internacionales/p/303099","weight":0},{"brand":"Nuestra Alacena de Dia","display_name":"Pechuga de pavo reducido en sal Nuestra Alacena de Dia sobre 200 g","expiration_days":0,"image":"/product_images/273731/273731_ISO_0_ES.jpg","prices":{"currency":"EUR","discount_percentage":20,"is_club_price":true,"is_promo_price":true,"measure_unit":"KILO","price":1.7,"price_per_unit":8.52,"strikethrough_price":2.13},"product_info":"Sin gluten | Sin lactosa","sku_id":"273731","units_in_cart":0,"units_in_stock":290,"url":"/charcuteria-y-quesos/jamon-cocido-lacon-fiambres-y-mortadela/p/273731","weight":0},{"brand":"Nuestra Alacena de Dia","display_name":"Lacón ahumado Nuestra Alacena de Dia sobre 150 g","expiration_days":0,"image":"/product_images/303491/303491_ISO_0_ES.jpg","prices":{"currency":"EUR","discount_percentage":20,"is_club_price":true,"is_promo_price":true,"measure_unit":"KILO","price":1.43,"price_per_unit":9.55,"strikethrough_price":1.79},"product_info":"Sin gluten | Sin lactosa","sku_id":"303491","units_in_cart":0,"units_in_stock":186,"url":"/charcuteria-y-quesos/jamon-cocido-lacon-fiambres-y-mortadela/p/303491","weight":0},{"brand":"Nuestra Alacena de Dia","display_name":"Chorizo extra Nuestra Alacena de Dia bandeja 2 x 100 g","expiration_days":0,"image":"/product_images/273988/273988_ISO_0_ES.jpg","prices":{"currency":"EUR","discount_percentage":20,"is_club_price":true,"is_promo_price":true,"measure_unit":"KILO","price":1.4,"price_per_unit":7,"strikethrough_price":1.75},"product_info":"Sin gluten","sku_id":"273988","units_in_cart":0,"units_in_stock":242,"url":"/charcuteria-y-quesos/lomo-chorizo-fuet-salchichon/p/273988","weight":0},{"brand":"Nuestra Alacena de Dia","display_name":"Paleta Curada 50% Duroc Nuestra Alacena de Dia bandeja 110 g","expiration_days":0,"image":"/product_images/274055/274055_ISO_0_ES.jpg","prices":{"currency":"EUR","discount_percentage":20,"is_club_price":true,"is_promo_price":true,"measure_unit":"KILO","price":2.15,"price_per_unit":19.56,"strikethrough_price":2.69},"product_info":"Sin gluten | Sin lactosa","sku_id":"274055","units_in_cart":0,"units_in_stock":202,"url":"/charcuteria-y-quesos/jamon-curado-y-paleta/p/274055","weight":0},{"brand":"Nuestra Alacena de Dia","display_name":"Espetec extra Nuestra Alacena de Dia bolsa 170 g","expiration_days":0,"image":"/product_images/274137/274137_ISO_0_ES.jpg","prices":{"currency":"EUR","discount_percentage":20,"is_club_price":true,"is_promo_price":true,"measure_unit":"KILO","price":1.8,"price_per_unit":10.59,"strikethrough_price":2.25},"sku_id":"274137","units_in_cart":0,"units_in_stock":110,"url":"/charcuteria-y-quesos/lomo-chorizo-fuet-salchichon/p/274137","weight":0}],"properties":{"searchable_content":true,"searchable_size":12},"query_id":"4ad1d9066538609eefafd75209becffa","start_time":"2025-09-16T22:00:00Z","type":"ProductCarousel"}]},{"content":[{"data":{"bannerType":"DisplayPanelBanner"},"end_time":"2026-09-07T22:00:00Z","id":"1f915577-3cbb-47cc-93be-3df652db66ad","start_time":"2022-08-30T08:50:00Z","type":"MonetizedBanner"}]},{"content":[{"data":{"position":"headline","text":"Tu toque más dulce"},"end_time":"2025-09-23T21:59:00Z","id":"90c5b56a-0203-46c8-825d-895952c068da","name":"titular_mdd_pw38_2025_pos9","start_time":"2025-09-16T22:00:00Z","type":"WebText"}]},{"content":[{"data":{"search_term":"HomeCarouselespecialw38pos10"},"end_time":"2025-09-23T21:59:00Z","id":"1637ef43-c59e-4fc2-9279-efc5dd7a0d0c","name":"carrusel_especial_pw38_2025_pos10","products":[{"brand":"Oreo","display_name":"Galletas de cacao rellenas de crema Oreo caja 220 g","expiration_days":0,"image":"/product_images/132633/132633_ISO_0_ES.jpg","prices":{"currency":"EUR","discount_percentage":0,"is_club_price":false,"is_promo_price":false,"measure_unit":"KILO","price":2.6,"price_per_unit":11.82,"strikethrough_price":2.6},"promotions":[{"description":"2ª UD AL 50% DTO. GALLETAS OREO 220 G","only_club_dia":true,"short_description":"GALLETAS OREO"}],"sku_id":"132633","units_in_cart":0,"units_in_stock":71,"url":"/galletas-bollos-y-cereales/galletas/p/132633","weight":0},{"brand":"Temptation de Dia","display_name":"Crema de avellanas y cacao Temptation de Dia frasco 380 g","expiration_days":0,"image":"/product_images/301463/301463_ISO_0_ES.jpg","prices":{"currency":"EUR","discount_percentage":25,"is_club_price":true,"is_promo_price":true,"measure_unit":"KILO","price":1.71,"price_per_unit":4.5,"strikethrough_price":2.28},"product_info":"Sin gluten","sku_id":"301463","units_in_cart":0,"units_in_stock":92,"url":"/azucar-chocolates-y-caramelos/cremas-de-cacao/p/301463","weight":0},{"brand":"Fruticampo de Dia","display_name":"Mermelada de fresa 0% sin azúcares añadidos Fruticampo de Dia frasco 330 g","expiration_days":0,"image":"/product_images/141570/141570_ISO_0_ES.jpg","prices":{"currency":"EUR","discount_percentage":20,"is_club_price":true,"is_promo_price":true,"measure_unit":"KILO","price":1.28,"price_per_unit":3.88,"strikethrough_price":1.6},"sku_id":"141570","units_in_cart":0,"units_in_stock":76,"url":"/azucar-chocolates-y-caramelos/mermeladas-y-frutas-en-almibar/p/141570","weight":0},{"brand":"Principe","display_name":"Galleta rellena de crema de chocolate Principe paquete 3 x 300 g","expiration_days":0,"image":"/product_images/189842/189842_ISO_0_ES.jpg","prices":{"currency":"EUR","discount_percentage":16,"is_club_price":true,"is_promo_price":true,"measure_unit":"KILO","price":4.95,"price_per_unit":5.5,"strikethrough_price":5.95},"sku_id":"189842","units_in_cart":0,"units_in_stock":167,"url":"/galletas-bollos-y-cereales/galletas/p/189842","weight":0},{"brand":"El molino de Dia","display_name":"Pan de molde especial tostadas El molino de Dia bolsa 820 g","expiration_days":0,"image":"/product_images/266120/266120_ISO_0_ES.jpg","prices":{"currency":"EUR","discount_percentage":20,"is_club_price":true,"is_promo_price":true,"measure_unit":"KILO","price":1.36,"price_per_unit":1.66,"strikethrough_price":1.7},"product_info":"Sin lactosa","sku_id":"266120","units_in_cart":0,"units_in_stock":57,"url":"/panes-harinas-y-masas/pan-de-molde-perritos-y-hamburguesas/p/266120","weight":0},{"brand":"Nestlé","display_name":"Cereales integrales con chocolate Nestlé Chocapic caja 375 g","expiration_days":0,"image":"/product_images/43106/43106_ISO_0_ES.jpg","prices":{"currency":"EUR","discount_percentage":0,"is_club_price":false,"is_promo_price":false,"measure_unit":"KILO","price":3.49,"price_per_unit":9.31,"strikethrough_price":3.49},"promotions":[{"description":"2ª UD AL 50% DTO CEREAL.CHOCAPIC NESTLÉ 375 G","only_club_dia":true,"short_description":"CHOCAPIC NESTLÉ 375G"}],"sku_id":"43106","units_in_cart":0,"units_in_stock":103,"url":"/galletas-bollos-y-cereales/cereales/p/43106","weight":0},{"brand":"Milka","display_name":"Chocolate con leche y avellanas enteras Milka 95 g","expiration_days":0,"image":"/product_images/188647/188647_ISO_0_ES.jpg","prices":{"currency":"EUR","discount_percentage":0,"is_club_price":false,"is_promo_price":false,"measure_unit":"KILO","price":2.15,"price_per_unit":22.63,"strikethrough_price":2.15},"promotions":[{"description":"2 UD POR SOLO 3 EUR CHOCO AVELLANAS MILKA 95G","only_club_dia":true,"short_description":"CHOCO AVELLANA MILKA"}],"sku_id":"188647","units_in_cart":0,"units_in_stock":142,"url":"/azucar-chocolates-y-caramelos/chocolates-y-bombones/p/188647","weight":0},{"brand":"Fruticampo de Dia","display_name":"Mermelada de fresa extra Fruticampo de Dia frasco 390 g","expiration_days":0,"image":"/product_images/135272/135272_ISO_0_ES.jpg","prices":{"currency":"EUR","discount_percentage":20,"is_club_price":true,"is_promo_price":true,"measure_unit":"KILO","price":1.2,"price_per_unit":3.08,"strikethrough_price":1.5},"sku_id":"135272","units_in_cart":0,"units_in_stock":130,"url":"/azucar-chocolates-y-caramelos/mermeladas-y-frutas-en-almibar/p/135272","weight":0},{"brand":"Milka","display_name":"Chocolate con leche relleno de galleta lu Milka 87 g","expiration_days":0,"image":"/product_images/161191/161191_ISO_0_ES.jpg","prices":{"currency":"EUR","discount_percentage":0,"is_club_price":false,"is_promo_price":false,"measure_unit":"KILO","price":1.99,"price_per_unit":22.87,"strikethrough_price":1.99},"promotions":[{"description":"2 UD POR SOLO 3 EUR EN SÁNDWICH LU MILKA 87 G","only_club_dia":true,"short_description":"SÁNDWICH LU MILKA 87"}],"sku_id":"161191","units_in_cart":0,"units_in_stock":46,"url":"/azucar-chocolates-y-caramelos/chocolates-y-bombones/p/161191","weight":0},{"brand":"Kellogg's","display_name":"Cereales copos de maíz corn flakes Kellogg's Corn Flakes caja 500 g","expiration_days":0,"image":"/product_images/19372/19372_ISO_0_ES.jpg","prices":{"currency":"EUR","discount_percentage":0,"is_club_price":false,"is_promo_price":false,"measure_unit":"KILO","price":3,"price_per_unit":6,"strikethrough_price":3},"promotions":[{"description":"2ª UD AL 50% DTO. CORN FLAKES KELLOGG'S 500 G","only_club_dia":true,"short_description":"CEREALES CORN FLAKES"}],"sku_id":"19372","units_in_cart":0,"units_in_stock":52,"url":"/galletas-bollos-y-cereales/cereales/p/19372","weight":0},{"brand":"Milka","display_name":"Galletas con pepitas de chocolate con leche Milka bolsa 110 g","expiration_days":0,"image":"/product_images/267607/267607_ISO_0_ES.jpg","prices":{"currency":"EUR","discount_percentage":0,"is_club_price":false,"is_promo_price":false,"measure_unit":"KILO","price":2.45,"price_per_unit":22.27,"strikethrough_price":2.45},"promotions":[{"description":"2ª UD AL 50% DTO. SELECCIÓN MILKA","only_club_dia":true,"short_description":"SELECCIÓN MILKA"}],"sku_id":"267607","units_in_cart":0,"units_in_stock":56,"url":"/galletas-bollos-y-cereales/galletas/p/267607","weight":0},{"brand":"Fruticampo de Dia","display_name":"Mermelada de albaricoque extra Fruticampo de Dia frasco 390 g","expiration_days":0,"image":"/product_images/148313/148313_ISO_0_ES.jpg","prices":{"currency":"EUR","discount_percentage":20,"is_club_price":true,"is_promo_price":true,"measure_unit":"KILO","price":1.28,"price_per_unit":3.28,"strikethrough_price":1.6},"sku_id":"148313","units_in_cart":0,"units_in_stock":24,"url":"/azucar-chocolates-y-caramelos/mermeladas-y-frutas-en-almibar/p/148313","weight":0}],"properties":{"searchable_content":true,"searchable_size":12},"query_id":"2df9f174f904b4d334dbb9da905f19a9","start_time":"2025-09-16T22:00:00Z","type":"ProductCarousel"}]},{"content":[{"data":{"position":"headline","text":"Más ofertas que no puedes dejar pasar"},"end_time":"2025-09-23T21:59:00Z","id":"21697e11-a30a-49ff-9836-5b5c811a2766","name":"titular_especiales_pw38_2025_pos11","start_time":"2025-09-16T22:00:00Z","type":"WebText"}]},{"content":[{"data":{"search_term":"HomeCarouselespecialesw38pos12"},"end_time":"2025-09-23T21:59:00Z","id":"403ed6ab-b2bc-4020-873d-cd0245cf6cf1","name":"carrusel_especiales_pw38_2025_pos12","products":[{"brand":"Pascual","display_name":"Leche semidesnatada Pascual pack 6 x 1 l","expiration_days":0,"image":"/product_images/73677P6/73677P6_ISO_0_ES.jpg","prices":{"currency":"EUR","discount_percentage":7,"is_club_price":true,"is_promo_price":true,"measure_unit":"LITRO","price":7.14,"price_per_unit":1.19,"strikethrough_price":7.74},"sku_id":"73677P6","units_in_cart":0,"units_in_stock":46,"url":"/leche-huevos-y-mantequilla/leche/p/73677P6","weight":0},{"brand":"Activia","display_name":"Bífidus natural Activia pack 8 x 120 g","expiration_days":0,"image":"/product_images/117865/117865_ISO_0_ES.jpg","prices":{"currency":"EUR","discount_percentage":10,"is_club_price":true,"is_promo_price":true,"measure_unit":"KILO","price":3.59,"price_per_unit":3.74,"strikethrough_price":3.99},"sku_id":"117865","units_in_cart":0,"units_in_stock":58,"url":"/yogures-y-postres/yogures-bifidus-y-colesterol/p/117865","weight":0},{"brand":"Pascual","display_name":"Leche desnatada Pascual pack 6 x 1 l","expiration_days":0,"image":"/product_images/73678P6/73678P6_ISO_0_ES.jpg","prices":{"currency":"EUR","discount_percentage":8,"is_club_price":true,"is_promo_price":true,"measure_unit":"LITRO","price":6.9,"price_per_unit":1.15,"strikethrough_price":7.5},"sku_id":"73678P6","units_in_cart":0,"units_in_stock":64,"url":"/leche-huevos-y-mantequilla/leche/p/73678P6","weight":0},{"brand":"Oikos","display_name":"Yogur griego natural Oikos pack 4 x 110 g","expiration_days":0,"image":"/product_images/165867/165867_ISO_0_ES.jpg","prices":{"currency":"EUR","discount_percentage":10,"is_club_price":true,"is_promo_price":true,"measure_unit":"KILO","price":2.49,"price_per_unit":5.66,"strikethrough_price":2.79},"sku_id":"165867","units_in_cart":0,"units_in_stock":58,"url":"/yogures-y-postres/griegos-y-mousse/p/165867","weight":0},{"brand":"Pascual","display_name":"Leche entera Pascual pack 6 x 1 l","expiration_days":0,"image":"/product_images/73676P6/73676P6_ISO_0_ES.jpg","prices":{"currency":"EUR","discount_percentage":7,"is_club_price":true,"is_promo_price":true,"measure_unit":"LITRO","price":7.5,"price_per_unit":1.25,"strikethrough_price":8.1},"sku_id":"73676P6","units_in_cart":0,"units_in_stock":59,"url":"/leche-huevos-y-mantequilla/leche/p/73676P6","weight":0},{"brand":"La Vaca que ríe","display_name":"Queso fundido light en porciones La Vaca que ríe caja 250 g","expiration_days":0,"image":"/product_images/1776/1776_ISO_0_ES.jpg","prices":{"currency":"EUR","discount_percentage":0,"is_club_price":false,"is_promo_price":false,"measure_unit":"KILO","price":2.99,"price_per_unit":11.96,"strikethrough_price":2.99},"product_info":"Sin gluten","promotions":[{"description":"2ª UD AL 70% DTO QUESO LA VACA QUE RÍE 250 G","only_club_dia":true,"short_description":"QUESO VACA QUE RÍE"}],"sku_id":"1776","units_in_cart":0,"units_in_stock":93,"url":"/charcuteria-y-quesos/quesos-fundidos-y-cremas/p/1776","weight":0},{"brand":"Oikos","display_name":"Yogur griego con fresas Oikos pack 4 x 110 g","expiration_days":0,"image":"/product_images/266732/266732_ISO_0_ES.jpg","prices":{"currency":"EUR","discount_percentage":12,"is_club_price":true,"is_promo_price":true,"measure_unit":"KILO","price":2.49,"price_per_unit":5.66,"strikethrough_price":2.85},"sku_id":"266732","units_in_cart":0,"units_in_stock":29,"url":"/yogures-y-postres/griegos-y-mousse/p/266732","weight":0},{"brand":"La Vaca que ríe","display_name":"Queso fundido original en porciones La Vaca que ríe caja 250 g","expiration_days":0,"image":"/product_images/127523/127523_ISO_0_ES.jpg","prices":{"currency":"EUR","discount_percentage":0,"is_club_price":false,"is_promo_price":false,"measure_unit":"KILO","price":2.99,"price_per_unit":11.96,"strikethrough_price":2.99},"product_info":"Sin gluten","promotions":[{"description":"2ª UD AL 70% DTO QUESO LA VACA QUE RÍE 250 G","only_club_dia":true,"short_description":"QUESO VACA QUE RÍE"}],"sku_id":"127523","units_in_cart":0,"units_in_stock":90,"url":"/charcuteria-y-quesos/quesos-fundidos-y-cremas/p/127523","weight":0},{"brand":"Oikos","display_name":"Yogur griego stracciatella Oikos pack 4 x 110 g","expiration_days":0,"image":"/product_images/266733/266733_ISO_0_ES.jpg","prices":{"currency":"EUR","discount_percentage":12,"is_club_price":true,"is_promo_price":true,"measure_unit":"KILO","price":2.49,"price_per_unit":5.66,"strikethrough_price":2.85},"sku_id":"266733","units_in_cart":0,"units_in_stock":27,"url":"/yogures-y-postres/griegos-y-mousse/p/266733","weight":0}],"properties":{"searchable_content":true,"searchable_size":12},"query_id":"aaa65d1d12486fb60bddb82cb6cc76b7","start_time":"2025-09-16T22:00:00Z","type":"ProductCarousel"}]},{"content":[{"data":{"position":"headline","text":"Ofertas exclusivas online"},"end_time":"2029-10-16T12:12:00Z","id":"87cc084b-5fbe-4d2a-9907-16ce85534cd1","name":"titular_ofertas_exclusivasonline_2023","start_time":"2023-04-10T12:30:00Z","type":"WebText"}]},{"content":[{"data":{"alt":"Promociones Philadelphia, Principe, Oreo, Chips Ahoy, Milka en Dia.es","desktop_image":"/content-manager/image/home_categoria_pw37_pw38_2025/banner_oferta_home_Philadelphia, Principe, Oreo, Chips Ahoy, Milka_pw37_pw38_2025_pos14.png","link":"https://www.dia.es/search?q=Promociones%20Philadelphia,%20Principe,%20Oreo,%20Chips%20Ahoy,%20Milka","mobile_image":"/content-manager/image/home_categoria_pw37_pw38_2025/banner_oferta_homeMOBILE_Philadelphia, Principe, Oreo, Chips Ahoy, Milka_pw37_pw38_2025_pos14.png"},"end_time":"2025-09-23T21:59:00Z","id":"20ac7b03-92ae-4fb5-9e89-7ebb871ecd19","name":"banner_oferta_home_Philadelphia, Principe, Oreo, Chips Ahoy, Milka_pw37_pw38_2025_pos14","start_time":"2025-09-09T22:00:00Z","type":"SimpleBanner"},{"data":{"alt":"Promociones Asturiana en Dia.es","desktop_image":"/content-manager/image/home_categoria_pw37_pw38_2025/banner_oferta_home_Asturiana_pw37_pw38_2025_pos15.png","link":"https://www.dia.es/search?q=Promociones%20Asturiana","mobile_image":"/content-manager/image/home_categoria_pw37_pw38_2025/banner_oferta_homeMOBILE_Asturiana_pw37_pw38_2025_pos15.png"},"end_time":"2025-09-23T21:59:00Z","id":"7c44d67c-e404-4a6c-a1fc-ffd8db918e7e","name":"banner_oferta_home_Asturiana_pw37_pw38_2025_pos15","start_time":"2025-09-09T22:00:00Z","type":"SimpleBanner"},{"data":{"alt":"Promociones Dr. Oetker en Dia.es","desktop_image":"/content-manager/image/home_categoria_pw37_pw38_2025/banner_oferta_home_Dr Oetker_pw37_pw38_2025_pos16.png","link":"https://www.dia.es/search?q=Promociones%20Dr%20Oetker","mobile_image":"/content-manager/image/home_categoria_pw37_pw38_2025/banner_oferta_homeMOBILE_Dr Oetker_pw37_pw38_2025_pos16.png"},"end_time":"2025-09-23T21:59:00Z","id":"cc06b6be-40b1-41d1-a449-1238d1d8f7c2","name":"banner_oferta_home_Dr Oetker_pw37_pw38_2025_pos16","start_time":"2025-09-09T22:00:00Z","type":"SimpleBanner"},{"data":{"alt":"Promociones Old El Paso en Dia.es","desktop_image":"/content-manager/image/home_categoria_pw37_pw38_2025/banner_oferta_home_Old El Paso_pw37_pw38_2025_pos17.png","link":"https://www.dia.es/search?q=Promociones%20Old%20El%20Paso","mobile_image":"/content-manager/image/home_categoria_pw37_pw38_2025/banner_oferta_homeMOBILE_Old El Paso_pw37_pw38_2025_pos17.png"},"end_time":"2025-09-23T21:59:00Z","id":"f2a4a84a-7cfc-450c-b64c-a7b702f5dbc1","name":"banner_oferta_home_Old El Paso_pw37_pw38_2025_pos17","start_time":"2025-09-09T22:00:00Z","type":"SimpleBanner"}],"type":"option-a"},{"content":[{"data":{"position":"footer","text":"* Promociones en una selección de productos Philadelphia, Principe, Oreo, Chips Ahoy, Milka, Central Lechera Asturiana, Dr. Oetker y Old El Paso exclusivas en Dia.es válidas hasta el 23/09/2025."},"end_time":"2025-09-23T21:59:00Z","id":"0497627c-7c77-41c1-8952-0e92885d9246","name":"copy_legal_pw37_pw38_2025_pos18","start_time":"2025-09-09T22:00:00Z","type":"WebText"}]},{"content":[{"data":{"bannerType":"FlagshipBanner"},"end_time":"2026-09-07T22:00:00Z","id":"ae758ebc-55f3-4e47-a657-e636e739dd90","start_time":"2022-08-30T08:50:00Z","type":"MonetizedBanner"}]},{"content":[{"data":{"alt":"Promociones Font Vella en Dia.es","desktop_image":"/content-manager/image/home_categoria_pw37_pw38_2025/banner_oferta_home_FONTVELLA_pw37_pw38_2025_pos19.png","link":"https://www.dia.es/search?q=Promociones%20Font%20Vella","mobile_image":"/content-manager/image/home_categoria_pw37_pw38_2025/banner_oferta_homeMOBILE_FONTVELLA_pw37_pw38_2025_pos19.png"},"end_time":"2025-09-23T21:59:00Z","id":"3cafb049-266b-4eff-8f7b-7661f67db273","name":"banner_oferta_home_Font Vella_pw38_pw39_2025_pos19","start_time":"2025-09-16T22:00:00Z","type":"SimpleBanner"},{"data":{"alt":"Promociones Yopro en Dia.es","desktop_image":"/content-manager/image/home_categoria_pw37_pw38_2025/banner_oferta_home_YOPRO_pw37_pw38_2025_pos19_v2.png","link":"https://www.dia.es/search?q=Promociones%20Yopro","mobile_image":"/content-manager/image/home_categoria_pw37_pw38_2025/banner_oferta_homeMOBILE_YOPRO_pw37_pw38_2025_pos19_v2.png"},"end_time":"2025-09-23T21:59:00Z","id":"b0f68cb9-012c-4835-b445-67dd1b3bf2a6","name":"banner_oferta_home_Yopro_pw38_2025_pos20","start_time":"2025-09-16T22:00:00Z","type":"SimpleBanner"}],"type":"option-d"},{"content":[{"data":{"position":"footer","text":"* Promociones en una selección de productos Font Vella y Yopro exclusivas en Dia.es válidas hasta el 23/09/2025."},"end_time":"2025-09-23T21:59:00Z","id":"dfeb3b96-e17c-48f0-82f0-933f7bb1f69a","name":"copy_legal_pw38_pw39_2025_pos21","start_time":"2025-09-16T22:00:00Z","type":"WebText"}]},{"content":[{"data":{"alt":"Productos Air Fryer Dia.es","desktop_image":"/content-manager/image/Carpeta_IMG_banners_home_2023/banner_airfryer_DESKTOP.png","link":"https://www.dia.es/l/que-se-puede-hacer-en-la-freidora-de-aire","mobile_image":"/content-manager/image/Carpeta_IMG_banners_home_2023/banner_airfryer_MOBILE.png"},"end_time":"2025-10-31T22:59:00Z","id":"5f3896a6-c2ea-4bcd-b879-8ee0abfd4a0e","name":"banner_home_airfryer_febrero_2025_pos1","start_time":"2025-02-18T23:00:00Z","type":"SimpleBanner"}]},{"content":[{"data":{"position":"headline","text":"¿Conoces nuestras marcas?"},"end_time":"2100-01-01T12:53:00Z","id":"185894de-53b7-4ca1-bca6-dffcda961db6","name":"WebText_Headline_BrandTitle_12_marcas","start_time":"2023-03-16T11:53:00Z","type":"WebText"}]},{"content":[{"data":{"alt":"Compra Imaqe en Dia.es","desktop_image":"/content-manager/image/imagenes_marcas_home_2023/imaqe_200x200.png","information":"","link":"https://www.dia.es/l/catalogo-imaqe","mobile_image":"/content-manager/image/imagenes_marcas_home_2023/imaqe_200x200.png"},"end_time":"0001-01-01T00:00:00Z","id":"d8244383-ef3b-4830-90b9-c2eeda6295dd","name":"brand_1_home_Imaqe_pos23","start_time":"0001-01-01T00:00:00Z","type":"DiaBrand"},{"data":{"alt":"Compra cerveza Ramblers en Dia.es","desktop_image":"/content-manager/image/imagenes_marcas_home_2023/ramblers_200x200.png","information":"","link":"https://www.dia.es/l/ramblers","mobile_image":"/content-manager/image/imagenes_marcas_home_2023/ramblers_200x200.png"},"end_time":"0001-01-01T00:00:00Z","id":"ec9cc75e-09d7-4d57-9483-0bfdadd6589d","name":"brand_5_home_Ramblers_pos23","start_time":"0001-01-01T00:00:00Z","type":"DiaBrand"},{"data":{"alt":"El Café frío de la Cafetería Dia","desktop_image":"/content-manager/image/imagenes_marcas_home_2023/cafeteria.jpg","information":"","link":"https://www.dia.es/l/Cafeteriadia","mobile_image":"/content-manager/image/imagenes_marcas_home_2023/cafeteria.jpg"},"end_time":"0001-01-01T00:00:00Z","id":"542e0557-3901-431b-9405-2d3d7ecb32f9","name":"brand_3_home_Cafeteria_pos24","start_time":"0001-01-01T00:00:00Z","type":"DiaBrand"},{"data":{"alt":"Compra Temptation en Dia.es","desktop_image":"/content-manager/image/imagenes_marcas_home_2023/temptation_200x200.png","information":"","link":"https://www.dia.es/l/temptation","mobile_image":"/content-manager/image/imagenes_marcas_home_2023/temptation_200x200.png"},"end_time":"0001-01-01T00:00:00Z","id":"976d579d-2713-4589-823b-ea2ce848dba0","name":"brand_6_home_Temptation_pos23","start_time":"0001-01-01T00:00:00Z","type":"DiaBrand"},{"data":{"alt":"Compra Hola Cola en Dia.es","desktop_image":"/content-manager/image/imagenes_marcas_home_2023/holacola.png","information":"","link":"/search?q=holacola","mobile_image":"/content-manager/image/imagenes_marcas_home_2023/holacola.png"},"end_time":"0001-01-01T00:00:00Z","id":"16b82c89-4b83-4c2e-9ffd-2a3018afd32b","name":"brand_5_home_Holacola_pos24","start_time":"0001-01-01T00:00:00Z","type":"DiaBrand"},{"data":{"alt":"Compra Snack Maniac en Dia.es","desktop_image":"/content-manager/image/imagenes_marcas_home_2023/snackmaniac.png","information":"","link":"/search?q=snackmaniac","mobile_image":"/content-manager/image/imagenes_marcas_home_2023/snackmaniac.png"},"end_time":"0001-01-01T00:00:00Z","id":"e6f2101d-0518-4ddc-a5e9-c770c612e1db","name":"brand_6_home_Snackmaniac_pos24","start_time":"0001-01-01T00:00:00Z","type":"DiaBrand"},{"data":{"alt":"Compra Zumosfera en Dia.es","desktop_image":"/content-manager/image/imagenes_marcas_home_2023/zumosfera.jpg","information":"","link":"/search?q=zumosfera","mobile_image":"/content-manager/image/imagenes_marcas_home_2023/zumosfera.jpg"},"end_time":"0001-01-01T00:00:00Z","id":"7f9ccaf1-6052-4a44-9feb-44d115732ac4","name":"brand_7_home_Zumosfera_pos24","start_time":"0001-01-01T00:00:00Z","type":"DiaBrand"},{"data":{"alt":"Compra Naturmundo en Dia.es","desktop_image":"/content-manager/image/imagenes_marcas_home_2023/naturmundo.png","information":"","link":"/search?q=NaturmundoDia","mobile_image":"/content-manager/image/imagenes_marcas_home_2023/naturmundo.png"},"end_time":"0001-01-01T00:00:00Z","id":"feee81d6-4c49-4fdb-a26b-9d4da8c4739a","name":"brand_8_home_Naturmundo_pos24","start_time":"0001-01-01T00:00:00Z","type":"DiaBrand"}],"type":"option-e"},{"content":[{"data":{"seo":"\u003cspan>Explora la extensa variedad de productos en nuestra tienda online, y aprovecha todas las ofertas exclusivas con un servicio de entrega rápido y eficiente.\u003cbr>\n\n\u003ch3>Ahorra tiempo y dinero\u003c/h3> \n\n\u003cstrong>Dia Supermercado Online\u003c/strong> está diseñado para adaptarse a tus necesidades. Sabemos lo valioso que es tu tiempo, por eso te ofrecemos la oportunidad de \u003cstrong>hacer la compra donde y cuando quieras\u003c/strong> aprovechando todas nuestras \u003cspan>\u003ca href=\"https://www.dia.es/ofertas\">ofertas online\u003c/a>\u003cspan>.\n\n\u003ch4>¿Hay algún descuento activo? \u003c/h4>\n\n\u003cspan> ¡Buenas noticias si buscas ahorrar en tu cesta de la compra! Hazte de CLUB Dia y disfruta de cupones personalizados. Además, aprovecha el descuento exclusivo usando el \u003cspan>\u003ca href=\"https://www.dia.es/l/cupon-primera-compra\">cupón de primera compra\u003c/a>\u003cspan> y llévate hasta 30€ en tus primeros pedidos online. ¡Es muy fácil y rápido!\u003cbr>\n\n\u003ch3>Entrega en el mismo día, descubre nuestros métodos de envío\u003c/h3>\n\n\u003ch4>¿Cuánto cuesta la entrega?\u003c/h4>\n\u003cspan>🚚 Envío por solo 4,99€, gratis en compras superiores a 100€. \u003cspan>\u003cstrong>Disfruta tus productos sin esperas.\u003c/strong> Recibe de lunes a sábado: de 10:00 h a 22:00 h (8h a 22h en Madrid). Domingos, entregas por la mañana en Madrid. \u003cspan>\u003ca href=\"/l/supermercado-cerca-de-mi\">Comprueba disponibilidad\u003c/a>\n\n\u003ch4> Servicio de Entrega en 1 Hora \u003c/h4>\n\u003cspan>¿Necesitas aún más rapidez? Te ofrecemos el servicio de \u003cstrong>envío en 1 hora\u003c/strong> en ciudades como Madrid, Barcelona,Sevilla, Almería, Huelva, Málaga, Valladolid y Guadalajara.\u003cspan>\n\n\n\u003ch3>Cobertura nacional\u003c/h3>\n\u003cspan>Estamos presentes en la mayoría de las capitales de provincia, llegando a más de \u003cstrong>1.800 poblaciones\u003c/strong> en toda España.¡Descubre tu supermercado Dia cerca de ti! \u003cspan>\u003ca href=\"/l/supermercado-cerca-de-mi\"> Encuentra tu supermercado.\u003c/a>\u003cspan>\n\n\u003ch4>¿Puedo pedir online desde cualquier lugar de España?\u003c/h4>\n\u003cp> ¡Claro que sí! Ofrecemos nuestro servicio de supermercado online en \u003cspan>\u003ca href=\"/l/supermercado-online-madrid\">Madrid\u003c/a>\u003cspan> y otras ciudades principales como \u003cspan>\u003ca href=\"/l/supermercado-online-barcelona\">Barcelona\u003c/a>\u003cspan>, \u003cspan>\u003ca href=\"/l/supermercado-online-valencia\">Valencia\u003c/a>\u003cspan>, \u003cspan>\u003ca href=\"/l/supermercado-online-malaga\">Málaga\u003c/a>\u003cspan>, \u003cspan>\u003ca href=\"/l/supermercado-online-sevilla\">Sevilla\u003c/a>\u003cspan>, y gran parte del territorio nacional.\u003cbr>\n\n\u003ch3>Cómo comprar online en Dia.es\u003c/h3>\n\u003cspan>Si aún no has comprado online en Dia, sigue nuestra guía paso a paso sobre \u003cspan>\u003ca href=\"/l/como-comprar-online\">como comprar online\u003c/a>. Además, explora nuestra selección de comida preparada a domicilio y  \u003cspan>\u003ca href=\"/l/marcas\">todas las marcas\u003c/a>\u003cspan> en \u003cstrong>Dia Supermercado Online\u003c/strong>.\u003c/span>","title":"Dia Supermercado Online"},"end_time":"0001-01-01T00:00:00Z","id":"title-and-seo-id","start_time":"0001-01-01T00:00:00Z","type":"TitleAndSEO"}]}]},"customer":{}},"ad_placements":{"monetized":[]},"insightCallComplete":false,"header":{"cartData":{"postal_code":"28041","total_amount":0,"total_units":0},"customerData":{},"categoriesData":{"selected_id":"","categories":[]},"cartPopUpStatus":false,"showPostalCodeModal":false,"loginStatus":"ANONYMOUS","userAddresses":[],"isValidAddAddress":true,"clientNavigationInProgress":false,"firstSearchCallResolved":false,"searchDataCallResolved":false,"searchDataKey":0,"lastCallIsPaginationCall":false,"searchData":{"total_items":0,"search_items":[],"sort":{},"pagination":{},"search_query_id":"","facets":[],"applied_filters":[]},"showSearchLayer":false,"searchTerm":"","suggestionTerm":"","searchSortParam":"","searchFilterParams":"","searchFilterDiaParam":"","searchFrontOrigin":false,"showOffer":false,"footer":{"customer_support":[{"id":"cs_1","link":"/l/atencion-al-cliente","text":"Atención al cliente","title":"Atención al cliente"}],"information":[{"icon":"truck","id":"inf_1","text":"Entrega rápida y en la franja horaria que mejor te venga.","title":"Pide hoy, recibe hoy"},{"icon":"euro","id":"inf_2","text":"Envío estándar por 4,99€. Gratis con +100€. Envío express por 4,99€.","title":"Envío desde 4,99€"},{"icon":"location-on","id":"inf_3","link":"https://www.dia.es/tiendas/buscador-tiendas-folletos","text":"Localiza tu tienda y descubre las mejores ofertas.","title":"Encuentra tu tienda"},{"icon":"brochure","id":"inf_4","link":"https://www.dia.es/folleto","text":"Descubre las mejores Ofertas.","title":"Folletos"},{"icon":"credit-card","id":"inf_5","link":"/l/clubdia","text":"Solicita tu tarjeta y disfruta las ventajas del club.","title":"Tarjeta CLUB Dia"},{"icon":"bill","id":"inf_6","link":"/tickets-delivery","text":"Solicita tu factura de Glovo, Uber Eats o Just Eat","title":"Glovo, Uber Eats y Just Eat"}],"legal":[{"id":"legal_1","sct_content_id":3,"text":"Política de privacidad","title":"Política de privacidad"},{"id":"legal_2","link":"/l/politica-cookies","text":"Política de cookies","title":"Política de cookies"},{"id":"legal_3","link":"/l/aviso-legal","text":"Aviso legal","title":"Aviso legal"},{"id":"legal_4","sct_content_id":4,"text":"Condiciones de compra","title":"Condiciones de compra"}],"social_media":[{"icon":"twitter","id":"sm_1","link":"https://twitter.com/dia_group?lang=es","text":"Twitter","title":"Twitter"},{"icon":"facebook","id":"sm_2","link":"https://www.facebook.com/DIAEspana?lang=es","text":"Facebook","title":"Facebook"},{"icon":"instagram","id":"sm_3","link":"https://instagram.com/dia_esp?lang=es","text":"Instagram","title":"Instagram"},{"icon":"tik-tok","id":"sm_4","link":"https://www.tiktok.com/@dia_espana?lang=es","text":"Tik Tok","title":"Tik Tok"},{"icon":"youtube","id":"sm_5","link":"https://www.youtube.com/user/DIAespana","text":"Youtube","title":"Youtube"}],"validate_date":"© 2013 - 2023","webs":[{"id":"web_1","link":"http://blog.dia.es/","text":"Recetas","title":"Recetas"},{"id":"web_2","link":"/l/comer-mejor-cada-dia","text":"Comer mejor cada Dia","title":"Comer mejor cada Dia"},{"id":"web_3","link":"https://empleo.dia.es","text":"Empleo","title":"Empleo"},{"id":"web_4","link":"/contacto-proveedores","text":"Colabora con DIA","title":"Colabora con DIA"},{"id":"web_5","link":"https://franquicia.dia.es/","text":"Abre tu tienda","title":"Abre tu tienda"},{"id":"web_6","link":"https://diacorporate.com/","text":"DIA corporate","title":"DIA corporate"}]},"legalConditions":[{"legalConditionTexts":[{"legalText":""}]}]},"cart":{"cartButtonInteractions":0},"localStorage":{},"sessionStorage":{},"reevaluate":{"itemListReevaluate":{},"newPostalCode":"","newAddressId":"","newAddress":null,"skipNormalization":false,"mergedWithPostalCode":false,"skipDryRun":null,"cancellable":false,"reevaluateType":"cart_changed","haveChangesBeenPersisted":false,"disableWindowReloadOnConfirm":false},"analytics":{"initializedAnalytics":false,"initialAnalyticsReceived":false,"analyticsCallCompleted":false,"useInitializeAnalytics":true,"initialDatalayer":{},"pageFields":{},"pageProductsAnalytics":{},"auxPageProductsAnalytics":{},"carouselProductsAnalytics":{},"auxCarouselProductsAnalytics":{},"adsProductsAnalytics":{},"searchProductsAnalytics":{},"auxSearchProductsAnalytics":{},"menuAnalytics":{},"footerAnalytics":{},"corporateContents":{},"auxCorporateContentsAnalytics":{},"filtersAnalytics":{},"auxFiltersAnalytics":{},"productAnalytics":null,"scrolledPercentage":0,"initialDatalayerAdded":false,"listLocation":""},"address":{"deydeToken":{},"provinces":[],"deydeViaCp":[]},"adPlacements":{"ad_placements":{"monetized":[],"corporate":{"id":"","sections":[]}},"monetizedPageUid":"","targeting":{},"insightCallComplete":false,"horizontalBannerIndex":{"key":0,"newIndex":-1,"oldIndex":-1}},"lists":{"showCreateAndUpdateListModal":false,"renderListModalComponent":false,"customerLists":[],"maxLists":false}},"endpoints":{"home":{"client":"https://www.dia.es/api/v2/home-back","server":"http://home-back-api-service-v2.home.svc.cluster.local:8080"},"cart":{"client":"https://www.dia.es/api/v1/cart","server":"http://cart-api-service-v1.checkout.svc.cluster.local:8080"},"commonAggregator":{"client":"https://www.dia.es/api/v1/common-aggregator","server":"http://common-aggregator-api-service-v1.commonweb.svc.cluster.local:8080"},"search":{"client":"https://www.dia.es/api/v1/search-back","server":"http://search-back-api-service-v1.commonweb.svc.cluster.local:8080"},"insightSearch":{"client":"https://www.dia.es/api/v1/search-insight","server":"http://search-insight-api-service-v1.search.svc.cluster.local:8080"},"insight":{"client":"https://www.dia.es/api/v2/home-insight","server":"http://home-insight-api-service-v2.home.svc.cluster.local:8080"},"sct":{"client":"https://www.dia.es/api/v1/customer-legal/legal-conditions","server":"http://customer-legal-service-v1.customer.svc.cluster.local:8080/legal-conditions"},"deyde":{"client":"https://api.deyde.com","server":"https://api.deyde.com"},"list":{"client":"https://www.dia.es/api/v1/list-back","server":"http://list-back-api-service-v1.list.svc.cluster.local:8080"},"cartInsight":{"client":"https://www.dia.es/api/v1/cart-insight","server":"http://cart-insight-api-service-v1.checkout.svc.cluster.local:8080"}},"envVariables":{"logLevel":"INFO","projectId":"dia-es-ecom-pro","apiEnvironmentVariables":{"appBanner":{"appBannerEnabled":"true","appDeepLink":"oneappdiaes://","androidCustomDeepLink":"https://app.adjust.com/1auff9i5?deep_link=oneappdiaes%3A%2F%2F&fallback=https%3A%2F%2Fwww.dia.es%2Fl%2Fclubdia-app&redirect_macos=https%3A%2F%2Fwww.dia.es%2Fl%2Fclubdia-app","iosCustomDeepLink":"","diaAppAndroidStore":"https://play.google.com/store/apps/details?id=es.dia","diaAppIosStore":"itms-apps://itunes.apple.com/app/supermercados-dia/id660175630","storeRedirectionTimeout":250,"safariStoreRedirectionTimeout":3000},"domain":"www.dia.es","listsEnabled":"true","mobileCarouselPreloadItems":3,"desktopCarouselPreloadItems":7,"banners":{"useNewMonetizedSlots":"true","google":{"googleBannerEnabled":"false","googleClientId":"22786896130","googleBannerEnv":"dia-prod","googleBannerPosition":"banner_horizontal_home","googleRetriesNumber":10},"server2server":{"server2ServerBannersEnabled":true}},"analytics":{"enabled":"true","id":"GTM-N9J2VZR","useNewSearchAnalytics":"true","disableEvents":"","enableCriteoEvents":"true"},"cookies":{"productionCookie":"true","cookieEnabled":"true","oneTrustAutoBlockEnabled":"false","cookieScriptId":"5a716931-44b0-415f-9bf7-3a94d961c123"},"search":{"minCharsToSearch":2,"debounceMilliseconds":"500"},"surveyButton":{"enableSurveyButton":false,"surveyIdentifier":"supermercados.diaes/vwGteA","esDataMessage":"¿Te gusta nuestra nueva tienda online?","enDataMessage":"Do you like our new online store?","caDataMessage":"Li agrada la nostra nova botiga online?","ptDataMessage":"Gostou da nossa nova loja online?"},"freeShipping":"100","shippingCost":"4,99"},"baseUrl":"https://www.dia.es"},"finalHeaders":{"Accept":"application/json, text/plain, */*","Content-Type":"!undefined","cart_id":"2ead8e67-9740-4163-a558-0c64fdfdb2cf","session_id":"ee67b098-69a2-4fde-b7e9-e1ca422dbdaf","customer_id":"","x-locale":"es","x-mobile":"","customer_code":""},"abortReason":"!undefined","_urlRewrite":null,"_urlRedirect":"!undefined","abortStatusCode":"!undefined","_abortCall":"!undefined","_pageContextInitHasClientData":true,"_pageId":"/src/pages/index/index"}</script>
      <script type="text/javascript" src="./DIA_files/BgFuKCk"></script>
    <iframe style="display: none;" name="__tcfapiLocator" title="CMP Locator" src="./DIA_files/saved_resource.html"></iframe><iframe height="0" width="0" style="display: none; visibility: hidden;" src="./DIA_files/saved_resource(1).html"></iframe><script type="text/javascript" id="" charset="">(function(){var a=new URLSearchParams(window.location.search);(a=a.get("utm_source"))&&sessionStorage.setItem("utm_source",a)})();</script><div id="onetrust-consent-sdk" data-nosnippet="true"><div class="onetrust-pc-dark-filter ot-fade-in" style="display: none;z-index:2147483645;visibility: hidden;
                    opacity: 0;transition: visibility 0s 400ms, opacity 400ms linear;"></div><div id="onetrust-banner-sdk" class="otFlat ot-iab-2 bottom vertical-align-content ot-buttons-fw" tabindex="0" role="region" aria-label="pancarta de galletas" style="display: none;bottom: 0px;visibility: hidden;
                    opacity: 0;transition: visibility 0s 400ms, opacity 400ms linear;"><div role="dialog" aria-modal="true" aria-label="Nos preocupamos por tu privacidad"><div class="ot-sdk-container"><div class="ot-sdk-row"><div id="onetrust-group-container" class="ot-sdk-columns ot-sdk-ten"><div class="banner_logo"></div><div id="onetrust-policy"><h2 id="onetrust-policy-title">Nos preocupamos por tu privacidad</h2><div id="onetrust-policy-text">Tanto nosotros como nuestros <span class="ot-tcf2-vendor-count ot-text-bold">2</span>&nbsp;socios almacenamos y accedemos a datos personales, como datos de navegación o identificadores únicos, en tu dispositivo.  Si seleccionas Aceptar todas, estarás permitiendo que las tecnologías de rastreo apoyen los propósitos que se muestran en «nosotros y nuestros socios tratamos datos para proporcionar».  Si seleccionas Rechazar todas o retiras tu consentimiento, los deshabilitarás.  Si se deshabilitan los rastreadores, parte del contenido y los anuncios que ves podrían dejar de ser relevantes para ti. Puedes volver a acceder a este menú para cambiar tus opciones o retirar el consentimiento en cualquier momento haciendo clic en el enlace «Gestionar las preferencias» que aparece en el  [o el ícono flotante en la parte inferior izquierda de la página web, si corresponde] en la parte inferior de la página web. Tus opciones tendrán efecto dentro de nuestro Sitio web. Para saber más, consulta nuestra política de privacidad.</div><div class="ot-dpd-container"><h3 class="ot-dpd-title">Tanto nosotros como nuestros asociados tratamos los datos para proporcionar:</h3><div class="ot-dpd-content"><p class="ot-dpd-desc">Utilizar datos de localización geográfica precisa. Analizar activamente las características del dispositivo para su identificación. Almacenar la información en un dispositivo y/o acceder a ella

. Publicidad y contenido personalizados, medición de publicidad y contenido, investigación de audiencia y desarrollo de servicios
. <button class="ot-link-btn onetrust-vendors-list-handler">
        Lista de asociados (proveedores)
        </button></p></div></div></div></div><div id="onetrust-button-group-parent" class="ot-sdk-columns has-reject-all-button ot-sdk-two"><div id="onetrust-button-group"><button id="onetrust-accept-btn-handler">Aceptar todas</button> <button id="onetrust-reject-all-handler">Rechazar todas</button> <button id="onetrust-pc-btn-handler">Configurar cookies</button></div></div></div></div><!-- Close Button --><div id="onetrust-close-btn-container"></div><!-- Close Button END--></div></div><div id="onetrust-pc-sdk" class="otPcCenter ot-hide ot-fade-in ot-leg-opt-out ot-leg-btn" lang="es" aria-label="Centro de preferencias" role="region" style="display: none;
                    transition: visibility 0s 400ms, opacity 400ms linear;
                    opacity: 0;visibility: hidden;"><div role="dialog" aria-modal="true" style="height: 100%;" aria-label="Acerca de tu privacidad"><!-- Close Button --><div class="ot-pc-header"><!-- Logo Tag --><div class="ot-pc-logo" role="img" aria-label="Logotipo de la empresa"><img alt="Logotipo de la empresa" src="./DIA_files/logoDIA_pastilla.png"></div></div><!-- Close Button --><div id="ot-pc-content" class="ot-pc-scrollbar"><div class="ot-optout-signal ot-hide"><div class="ot-optout-icon"><svg xmlns="http://www.w3.org/2000/svg"><path class="ot-floating-button__svg-fill" d="M14.588 0l.445.328c1.807 1.303 3.961 2.533 6.461 3.688 2.015.93 4.576 1.746 7.682 2.446 0 14.178-4.73 24.133-14.19 29.864l-.398.236C4.863 30.87 0 20.837 0 6.462c3.107-.7 5.668-1.516 7.682-2.446 2.709-1.251 5.01-2.59 6.906-4.016zm5.87 13.88a.75.75 0 00-.974.159l-5.475 6.625-3.005-2.997-.077-.067a.75.75 0 00-.983 1.13l4.172 4.16 6.525-7.895.06-.083a.75.75 0 00-.16-.973z" fill="#FFF" fill-rule="evenodd"></path></svg></div><span></span></div><h2 id="ot-pc-title">Acerca de tu privacidad</h2><div id="ot-pc-desc">Tratamos tus datos para ofrecer contenido o anuncios, y usamos las métricas de dicho contenido o anuncios para extraer información clave sobre nuestro sitio web. Compartimos esta información con nuestros socios en función del consentimiento y los intereses legítimos. Además, puedes ejercer tu derecho de consentimiento u objetar un interés legítimo, en función de un propósito específico a continuación o a nivel de socio en el enlace de cada propósito. Estas opciones se destacarán a nuestros proveedores que participan en el marco de transparencia y consentimiento. Las elecciones que usted hace con respecto a los propósitos y proveedores enumerados en este aviso se guardan y almacenan localmente en su dispositivo durante una duración máxima de 1 año.
            <br><a href="https://www.dia.es/l/politica-cookies" class="privacy-notice-link" rel="noopener" target="_blank" aria-label="Más información sobre su privacidad, se abre en una nueva pestaña">Más información</a></div><button id="accept-recommended-btn-handler">Permitirlas todas</button><section class="ot-sdk-row ot-cat-grp"><h3 id="ot-category-title">Gestionar las preferencias de consentimiento</h3><div class="ot-accordion-layout ot-cat-item ot-vs-config" data-optanongroupid="C0001"><button aria-expanded="false" ot-accordion="true" aria-controls="ot-desc-id-C0001" aria-labelledby="ot-header-id-C0001 ot-status-id-C0001"></button><!-- Accordion header --><div class="ot-acc-hdr ot-always-active-group"><div class="ot-plus-minus"><span></span><span></span></div><h4 class="ot-cat-header" id="ot-header-id-C0001">Cookies estrictamente necesarias<span class="ot-pur-vdr-count"> 2 proveedores pueden usar este propósito </span></h4><div id="ot-status-id-C0001" class="ot-always-active">Activas siempre</div></div><!-- accordion detail --><div class="ot-acc-grpcntr ot-acc-txt"><p class="ot-acc-grpdesc ot-category-desc" id="ot-desc-id-C0001">Estas cookies son necesarias para que el sitio web funcione y no se pueden desactivar en nuestros sistemas. Usualmente están configuradas para responder a acciones hechas por usted para recibir servicios, tales como ajustar sus preferencias de privacidad, iniciar sesión en el sitio, o llenar formularios. Usted puede configurar su navegador para bloquear o alertar la presencia de estas cookies, pero algunas partes del sitio web no funcionarán. Estas cookies no guardan ninguna información personal identificable.</p><div class="ot-subgrp-cntr"><ul class="ot-subgrps"><li class="ot-subgrp" data-optanongroupid="ISP2V2_1"><h5>Garantizar la seguridad, evitar y detectar fraudes, y eliminar fallos<span class="ot-pur-vdr-count"> 2 socios pueden usar este propósito especial </span></h5><div class="ot-tgl-cntr ot-subgrp-tgl"><div class="ot-tgl ot-hide-tgl"><input type="checkbox" name="switch" id="ot-sub-group-id-ISP2V2_1" role="switch" data-optanongroupid="ISP2V2_1" class="cookie-subgroup-handler" aria-label="Garantizar la seguridad, evitar y detectar fraudes, y eliminar fallos" aria-hidden="true"> <label class="ot-switch" for="ot-sub-group-id-ISP2V2_1"><span class="ot-switch-nob"></span> <span class="ot-label-txt">Switch Label</span></label> <span class="ot-label-status">label</span></div></div><p class="ot-subgrp-desc">Tus datos pueden utilizarse para supervisar y evitar las actividades inusuales y potencialmente fraudulentas (por ejemplo, en relación con la publicidad, o con actividad realizada por bots), así como para asegurar que los sistemas y los procesos funcionen de forma correcta y segura. Asimismo, se puede utilizar para corregir cualquier problema que tú, el editor/medio de comunicación o el anunciante podáis encontraros a la hora de la entrega del contenido y los anuncios, así como en tu interacción con ellos.</p><button class="ot-link-btn ot-pgph-link ot-pgph-link-subgroup" aria-label="Ver ilustraciones" data-parent-id="ISP2V2_1">Ver ilustraciones&nbsp;</button></li></ul></div><div class="ot-subgrp-cntr"><ul class="ot-subgrps"><li class="ot-subgrp" data-optanongroupid="ISP2V2_2"><h5>Ofrecer y presentar publicidad y contenido<span class="ot-pur-vdr-count"> 1 socios pueden usar este propósito especial </span></h5><div class="ot-tgl-cntr ot-subgrp-tgl"><div class="ot-tgl ot-hide-tgl"><input type="checkbox" name="switch" id="ot-sub-group-id-ISP2V2_2" role="switch" data-optanongroupid="ISP2V2_2" class="cookie-subgroup-handler" aria-label="Ofrecer y presentar publicidad y contenido" aria-hidden="true"> <label class="ot-switch" for="ot-sub-group-id-ISP2V2_2"><span class="ot-switch-nob"></span> <span class="ot-label-txt">Switch Label</span></label> <span class="ot-label-status">label</span></div></div><p class="ot-subgrp-desc">Cierta información (como una dirección IP o las capacidades del dispositivo) se utiliza para garantizar la compatibilidad técnica del contenido o de la publicidad, así como para facilitar la transmisión del contenido o del anuncio a tu dispositivo.</p><button class="ot-link-btn ot-pgph-link ot-pgph-link-subgroup" aria-label="Ver ilustraciones" data-parent-id="ISP2V2_2">Ver ilustraciones&nbsp;</button></li></ul></div><div class="ot-subgrp-cntr"><ul class="ot-subgrps"><li class="ot-subgrp" data-optanongroupid="ISP2V2_3"><h5>Guardar y comunicar las preferencias de privacidad<span class="ot-pur-vdr-count"> 2 socios pueden usar este propósito especial </span></h5><div class="ot-tgl-cntr ot-subgrp-tgl"><div class="ot-tgl ot-hide-tgl"><input type="checkbox" name="switch" id="ot-sub-group-id-ISP2V2_3" role="switch" data-optanongroupid="ISP2V2_3" class="cookie-subgroup-handler" aria-label="Guardar y comunicar las preferencias de privacidad" aria-hidden="true"> <label class="ot-switch" for="ot-sub-group-id-ISP2V2_3"><span class="ot-switch-nob"></span> <span class="ot-label-txt">Switch Label</span></label> <span class="ot-label-status">label</span></div></div><p class="ot-subgrp-desc">Las decisiones que tome con respecto a las finalidades y las entidades enumeradas en este aviso se guardan y se ponen a disposición de dichas entidades en forma de señales digitales (por ejemplo, en forma de cadena de caracteres). Esto es necesario para permitir que tanto este servicio como las entidades respeten dichas preferencias.</p><button class="ot-link-btn ot-pgph-link ot-pgph-link-subgroup" aria-label="Ver ilustraciones" data-parent-id="ISP2V2_3">Ver ilustraciones&nbsp;</button></li></ul></div><div class="ot-subgrp-cntr"><ul class="ot-subgrps"><li class="ot-subgrp" data-optanongroupid="IFE2V2_1"><h5>Cotejo y combinación de datos procedentes de otras fuentes de información<span class="ot-pur-vdr-count"> 2 socios pueden usar esta función </span></h5><div class="ot-tgl-cntr ot-subgrp-tgl"><div class="ot-tgl ot-hide-tgl"><input type="checkbox" name="switch" id="ot-sub-group-id-IFE2V2_1" role="switch" data-optanongroupid="IFE2V2_1" class="cookie-subgroup-handler" aria-label="Cotejo y combinación de datos procedentes de otras fuentes de información" aria-hidden="true"> <label class="ot-switch" for="ot-sub-group-id-IFE2V2_1"><span class="ot-switch-nob"></span> <span class="ot-label-txt">Switch Label</span></label> <span class="ot-label-status">label</span></div></div><p class="ot-subgrp-desc">La información en relación con tu actividad en este servicio puede cotejarse y combinarse con otra información sobre tu persona procedente de diversas fuentes (por ejemplo, tu actividad en un servicio en línea independiente, tu uso de una tarjeta de fidelización en la tienda o tus respuestas a una encuesta) en apoyo de los fines que se explican en este documento.</p></li></ul></div><div class="ot-subgrp-cntr"><ul class="ot-subgrps"><li class="ot-subgrp" data-optanongroupid="IFE2V2_2"><h5>Vincular diferentes dispositivos<span class="ot-pur-vdr-count"> 2 socios pueden usar esta función </span></h5><div class="ot-tgl-cntr ot-subgrp-tgl"><div class="ot-tgl ot-hide-tgl"><input type="checkbox" name="switch" id="ot-sub-group-id-IFE2V2_2" role="switch" data-optanongroupid="IFE2V2_2" class="cookie-subgroup-handler" aria-label="Vincular diferentes dispositivos" aria-hidden="true"> <label class="ot-switch" for="ot-sub-group-id-IFE2V2_2"><span class="ot-switch-nob"></span> <span class="ot-label-txt">Switch Label</span></label> <span class="ot-label-status">label</span></div></div><p class="ot-subgrp-desc">En apoyo de las finalidades que se explican en este documento, tú dispositivo podría considerarse como vinculado a otros dispositivos que te pertenezcan o sean de tu hogar(por ejemplo, porque ha iniciado sesión en el mismo servicio tanto desde tu teléfono como desde tu ordenador, o porque podrías haber utilizado la misma conexión a Internet en ambos dispositivos).</p></li></ul></div><div class="ot-subgrp-cntr"><ul class="ot-subgrps"><li class="ot-subgrp" data-optanongroupid="IFE2V2_3"><h5>Identificación de dispositivos en función de la información transmitida de forma automática<span class="ot-pur-vdr-count"> 1 socios pueden usar esta función </span></h5><div class="ot-tgl-cntr ot-subgrp-tgl"><div class="ot-tgl ot-hide-tgl"><input type="checkbox" name="switch" id="ot-sub-group-id-IFE2V2_3" role="switch" data-optanongroupid="IFE2V2_3" class="cookie-subgroup-handler" aria-label="Identificación de dispositivos en función de la información transmitida de forma automática" aria-hidden="true"> <label class="ot-switch" for="ot-sub-group-id-IFE2V2_3"><span class="ot-switch-nob"></span> <span class="ot-label-txt">Switch Label</span></label> <span class="ot-label-status">label</span></div></div><p class="ot-subgrp-desc">Tu dispositivo podría distinguirse de otros en función de la información que envía de forma automática al acceder a Internet (por ejemplo, la dirección IP de tu conexión a Internet o el tipo de navegador que estás utilizando) en apoyo de los fines que se exponen en este documento.</p></li></ul></div><div class="ot-vlst-cntr"><button class="ot-link-btn category-vendors-list-handler" aria-label="El botón Detalles del proveedor de la IAB abre el menú Lista de proveedores" data-parent-id="C0001">Lista de proveedores IAB‎</button></div><div class="ot-hlst-cntr"><button class="ot-link-btn category-host-list-handler" aria-label="El botón Detalles de cookies abre el menú Lista de cookies" data-parent-id="C0001">Información de las cookies‎</button></div></div></div><div class="ot-accordion-layout ot-cat-item ot-vs-config" data-optanongroupid="C0002"><button aria-expanded="false" ot-accordion="true" aria-controls="ot-desc-id-C0002" aria-labelledby="ot-header-id-C0002"></button><!-- Accordion header --><div class="ot-acc-hdr"><div class="ot-plus-minus"><span></span><span></span></div><h4 class="ot-cat-header" id="ot-header-id-C0002">Cookies de estadísticas</h4><div class="ot-tgl"><input type="checkbox" name="ot-group-id-C0002" id="ot-group-id-C0002" role="switch" class="category-switch-handler" data-optanongroupid="C0002" aria-labelledby="ot-header-id-C0002"> <label class="ot-switch" for="ot-group-id-C0002"><span class="ot-switch-nob"></span> <span class="ot-label-txt">Cookies de estadísticas</span></label> </div></div><!-- accordion detail --><div class="ot-acc-grpcntr ot-acc-txt"><p class="ot-acc-grpdesc ot-category-desc" id="ot-desc-id-C0002">Estas cookies nos permiten contar las visitas y fuentes de circulación para poder medir y mejorar el desempeño de nuestro sitio. Nos ayudan a saber qué páginas son las más o menos populares, y ver cuántas personas visitan el sitio. Toda la información que recogen estas cookies es agregada y, por lo tanto, anónima. Si no permite estas cookies no sabremos cuándo visitó nuestro sitio, y por lo tanto no podremos saber cuándo lo visitó.</p><div class="ot-hlst-cntr"><button class="ot-link-btn category-host-list-handler" aria-label="El botón Detalles de cookies abre el menú Lista de cookies" data-parent-id="C0002">Información de las cookies‎</button></div></div></div><div class="ot-accordion-layout ot-cat-item ot-vs-config" data-optanongroupid="C0004"><button aria-expanded="false" ot-accordion="true" aria-controls="ot-desc-id-C0004" aria-labelledby="ot-header-id-C0004"></button><!-- Accordion header --><div class="ot-acc-hdr"><div class="ot-plus-minus"><span></span><span></span></div><h4 class="ot-cat-header" id="ot-header-id-C0004">Cookies de marketing</h4><div class="ot-tgl"><input type="checkbox" name="ot-group-id-C0004" id="ot-group-id-C0004" role="switch" class="category-switch-handler" data-optanongroupid="C0004" aria-labelledby="ot-header-id-C0004"> <label class="ot-switch" for="ot-group-id-C0004"><span class="ot-switch-nob"></span> <span class="ot-label-txt">Cookies de marketing</span></label> </div></div><!-- accordion detail --><div class="ot-acc-grpcntr ot-acc-txt"><p class="ot-acc-grpdesc ot-category-desc" id="ot-desc-id-C0004">Estas cookies pueden estar en todo el sitio web, colocadas por nuestros socios publicitarios. Estos negocios pueden utilizarlas para crear un perfil de sus intereses y mostrarle anuncios relevantes en otros sitios. No almacenan información personal directamente, sino que se basan en la identificación única de su navegador y dispositivo de acceso al Internet. Si no permite estas cookies, tendrá menos publicidad dirigida.</p><div class="ot-hlst-cntr"><button class="ot-link-btn category-host-list-handler" aria-label="El botón Detalles de cookies abre el menú Lista de cookies" data-parent-id="C0004">Información de las cookies‎</button></div></div></div><div class="ot-accordion-layout ot-cat-item ot-vs-config" data-optanongroupid="IAB2V2_1"><button aria-expanded="false" ot-accordion="true" aria-controls="ot-desc-id-IAB2V2_1" aria-labelledby="ot-header-id-IAB2V2_1"></button><!-- Accordion header --><div class="ot-acc-hdr"><div class="ot-plus-minus"><span></span><span></span></div><h4 class="ot-cat-header" id="ot-header-id-IAB2V2_1">Almacenar la información en un dispositivo y/o acceder a ella<span class="ot-pur-vdr-count"> 2 proveedores pueden usar este propósito </span></h4><div class="ot-tgl"><input type="checkbox" name="ot-group-id-IAB2V2_1" id="ot-group-id-IAB2V2_1" role="switch" class="category-switch-handler" data-optanongroupid="IAB2V2_1" aria-labelledby="ot-header-id-IAB2V2_1"> <label class="ot-switch" for="ot-group-id-IAB2V2_1"><span class="ot-switch-nob"></span> <span class="ot-label-txt">Almacenar la información en un dispositivo y/o acceder a ella</span></label> </div></div><!-- accordion detail --><div class="ot-acc-grpcntr ot-acc-txt"><p class="ot-acc-grpdesc ot-category-desc" id="ot-desc-id-IAB2V2_1">Las cookies, los identificadores de dispositivos o los identificadores online de similares características (p. ej., los identificadores basados en inicio de sesión, los identificadores asignados aleatoriamente, los identificadores basados en la red), junto con otra información (p. ej., la información y el tipo del navegador, el idioma, el tamaño de la pantalla, las tecnologías compatibles, etc.), pueden almacenarse o leerse en tu dispositivo a fin de reconocerlo siempre que se conecte a una aplicación o a una página web para una o varias de los finalidades que se recogen en el presente texto.</p><div class="ot-vlst-cntr"><button class="ot-link-btn category-vendors-list-handler" aria-label="El botón Detalles del proveedor de la IAB abre el menú Lista de proveedores" data-parent-id="IAB2V2_1">Lista de proveedores IAB‎</button><button class="ot-link-btn ot-pgph-link" aria-label="Ver ilustraciones" data-parent-id="IAB2V2_1">&nbsp;|&nbsp;Ver ilustraciones&nbsp;</button></div></div></div><div class="ot-accordion-layout ot-cat-item ot-vs-config" data-optanongroupid="V2STACK42"><button aria-expanded="false" ot-accordion="true" aria-controls="ot-desc-id-V2STACK42" aria-labelledby="ot-header-id-V2STACK42"></button><!-- Accordion header --><div class="ot-acc-hdr"><div class="ot-plus-minus"><span></span><span></span></div><h4 class="ot-cat-header" id="ot-header-id-V2STACK42">Publicidad y contenido personalizados, medición de publicidad y contenido, investigación de audiencia y desarrollo de servicios<span class="ot-pur-vdr-count"> 2 proveedores pueden usar este propósito </span></h4><div class="ot-tgl"><input type="checkbox" name="ot-group-id-V2STACK42" id="ot-group-id-V2STACK42" role="switch" class="category-switch-handler" data-optanongroupid="V2STACK42" aria-labelledby="ot-header-id-V2STACK42"> <label class="ot-switch" for="ot-group-id-V2STACK42"><span class="ot-switch-nob"></span> <span class="ot-label-txt">Publicidad y contenido personalizados, medición de publicidad y contenido, investigación de audiencia y desarrollo de servicios</span></label> </div></div><!-- accordion detail --><div class="ot-acc-grpcntr ot-acc-txt"><div class="ot-subgrp-cntr"><ul class="ot-subgrps"><li class="ot-subgrp" data-optanongroupid="IAB2V2_2"><h5>Uso de datos limitados para seleccionar anuncios básicos<span class="ot-pur-vdr-count"> 2 proveedores pueden usar este propósito </span></h5><div class="ot-tgl-cntr ot-subgrp-tgl"><div class="ot-tgl"><input type="checkbox" name="switch" id="ot-sub-group-id-IAB2V2_2" role="switch" data-optanongroupid="IAB2V2_2" class="cookie-subgroup-handler" aria-label="Uso de datos limitados para seleccionar anuncios básicos"> <label class="ot-switch" for="ot-sub-group-id-IAB2V2_2"><span class="ot-switch-nob"></span> <span class="ot-label-txt">Switch Label</span></label> </div></div><p class="ot-subgrp-desc">La publicidad que se presenta en este servicio puede basarse en datos limitados, tales como la página web o la aplicación que esté utilizando, tu ubicación no precisa, el tipo de dispositivo o el contenido con el que está interactuando (o con el que ha interactuado) (por ejemplo, para limitar el número de veces que se  presenta un anuncio concreto).</p><button class="ot-link-btn ot-pgph-link ot-pgph-link-subgroup" aria-label="Ver ilustraciones" data-parent-id="IAB2V2_2">Ver ilustraciones&nbsp;</button><div class="ot-leg-btn-container" data-group-id="IAB2V2_2" data-el-id="IAB2V2_2-leg-out" is-vendor="false">
                    <button class="ot-obj-leg-btn-handler ot-active-leg-btn">
                        <svg xmlns="http://www.w3.org/2000/svg" xmlns:xlink="http://www.w3.org/1999/xlink" x="0px" y="0px" viewBox="0 0 512 512">
                            <path fill="#FFFFFF" d="M173.898 439.404l-166.4-166.4c-9.997-9.997-9.997-26.206 0-36.204l36.203-36.204c9.997-9.998 26.207-9.998 36.204 0L192 312.69 432.095 72.596c9.997-9.997 26.207-9.997 36.204 0l36.203 36.204c9.997 9.997 9.997 26.206 0 36.204l-294.4 294.401c-9.998 9.997-26.207 9.997-36.204-.001z"></path>
                        </svg>
                        <span>Objeción Aplicada</span>
                    </button>
                    <button class="ot-remove-objection-handler" data-style="color:#c8030f; display:none;" style="display: inline-block;color:#c8030f;">
                        Retirar la objeción
                    </button>
                </div></li></ul></div><div class="ot-subgrp-cntr"><ul class="ot-subgrps"><li class="ot-subgrp" data-optanongroupid="IAB2V2_3"><h5>Crear perfiles para publicidad personalizada<span class="ot-pur-vdr-count"> 2 proveedores pueden usar este propósito </span></h5><div class="ot-tgl-cntr ot-subgrp-tgl"><div class="ot-tgl"><input type="checkbox" name="switch" id="ot-sub-group-id-IAB2V2_3" role="switch" data-optanongroupid="IAB2V2_3" class="cookie-subgroup-handler" aria-label="Crear perfiles para publicidad personalizada"> <label class="ot-switch" for="ot-sub-group-id-IAB2V2_3"><span class="ot-switch-nob"></span> <span class="ot-label-txt">Switch Label</span></label> </div></div><p class="ot-subgrp-desc">La información sobre tu actividad en este servicio (por ejemplo, los formularios que rellenes, el contenido que estás consumiendo) puede almacenarse y combinarse con otra información que se tenga sobre tu persona o sobre usuarios similares(por ejemplo, información sobre tu actividad previa en este servicio y en otras páginas web o aplicaciones). Posteriormente, esto se utilizará para crear o mejorar un perfil sobre tu persona (que podría incluir posibles intereses y aspectos personales). Tu perfil puede utilizarse (también en un momento posterior) para mostrarte publicidad que pueda parecerte más relevante en función de tus posibles intereses, ya sea por parte nuestra o de terceros.</p><button class="ot-link-btn ot-pgph-link ot-pgph-link-subgroup" aria-label="Ver ilustraciones" data-parent-id="IAB2V2_3">Ver ilustraciones&nbsp;</button></li></ul></div><div class="ot-subgrp-cntr"><ul class="ot-subgrps"><li class="ot-subgrp" data-optanongroupid="IAB2V2_4"><h5>Utilizar perfiles para seleccionar la publicidad personalizada<span class="ot-pur-vdr-count"> 2 proveedores pueden usar este propósito </span></h5><div class="ot-tgl-cntr ot-subgrp-tgl"><div class="ot-tgl"><input type="checkbox" name="switch" id="ot-sub-group-id-IAB2V2_4" role="switch" data-optanongroupid="IAB2V2_4" class="cookie-subgroup-handler" aria-label="Utilizar perfiles para seleccionar la publicidad personalizada"> <label class="ot-switch" for="ot-sub-group-id-IAB2V2_4"><span class="ot-switch-nob"></span> <span class="ot-label-txt">Switch Label</span></label> </div></div><p class="ot-subgrp-desc">La publicidad presentada en este servicio puede basarse en tus perfiles publicitarios, que pueden reflejar tuactividad en este servicio, en otras páginas web o aplicaciones (tales como los formularios con los que interactuas o el contenido que visualizas), tus posibles intereses y los aspectos personales.</p><button class="ot-link-btn ot-pgph-link ot-pgph-link-subgroup" aria-label="Ver ilustraciones" data-parent-id="IAB2V2_4">Ver ilustraciones&nbsp;</button></li></ul></div><div class="ot-subgrp-cntr"><ul class="ot-subgrps"><li class="ot-subgrp" data-optanongroupid="IAB2V2_7"><h5>Medir el rendimiento de la publicidad<span class="ot-pur-vdr-count"> 2 proveedores pueden usar este propósito </span></h5><div class="ot-tgl-cntr ot-subgrp-tgl"><div class="ot-tgl"><input type="checkbox" name="switch" id="ot-sub-group-id-IAB2V2_7" role="switch" data-optanongroupid="IAB2V2_7" class="cookie-subgroup-handler" aria-label="Medir el rendimiento de la publicidad"> <label class="ot-switch" for="ot-sub-group-id-IAB2V2_7"><span class="ot-switch-nob"></span> <span class="ot-label-txt">Switch Label</span></label> </div></div><p class="ot-subgrp-desc">La información sobre qué publicidad se te presenta y sobre la forma en que interactúas con ella puede utilizarse para determinar lo bien que ha funcionado un anuncio en tu caso o en el de otros usuarios y si se han alcanzado los objetivos publicitarios. Por ejemplo, si has visualizado un anuncio, si has hecho clic sobre el mismo, si eso te ha llevado posteriormente a comprar un producto o a visitar una página web, etc. Esto resulta muy útil para comprender la relevancia de las campañas publicitarias.</p><button class="ot-link-btn ot-pgph-link ot-pgph-link-subgroup" aria-label="Ver ilustraciones" data-parent-id="IAB2V2_7">Ver ilustraciones&nbsp;</button><div class="ot-leg-btn-container" data-group-id="IAB2V2_7" data-el-id="IAB2V2_7-leg-out" is-vendor="false">
                    <button class="ot-obj-leg-btn-handler ot-active-leg-btn">
                        <svg xmlns="http://www.w3.org/2000/svg" xmlns:xlink="http://www.w3.org/1999/xlink" x="0px" y="0px" viewBox="0 0 512 512">
                            <path fill="#FFFFFF" d="M173.898 439.404l-166.4-166.4c-9.997-9.997-9.997-26.206 0-36.204l36.203-36.204c9.997-9.998 26.207-9.998 36.204 0L192 312.69 432.095 72.596c9.997-9.997 26.207-9.997 36.204 0l36.203 36.204c9.997 9.997 9.997 26.206 0 36.204l-294.4 294.401c-9.998 9.997-26.207 9.997-36.204-.001z"></path>
                        </svg>
                        <span>Objeción Aplicada</span>
                    </button>
                    <button class="ot-remove-objection-handler" data-style="color:#c8030f; display:none;" style="display: inline-block;color:#c8030f;">
                        Retirar la objeción
                    </button>
                </div></li></ul></div><div class="ot-subgrp-cntr"><ul class="ot-subgrps"><li class="ot-subgrp" data-optanongroupid="IAB2V2_9"><h5>Comprender al público a través de estadísticas o a través de la combinación de datos procedentes de diferentes fuentes<span class="ot-pur-vdr-count"> 2 proveedores pueden usar este propósito </span></h5><div class="ot-tgl-cntr ot-subgrp-tgl"><div class="ot-tgl"><input type="checkbox" name="switch" id="ot-sub-group-id-IAB2V2_9" role="switch" data-optanongroupid="IAB2V2_9" class="cookie-subgroup-handler" aria-label="Comprender al público a través de estadísticas o a través de la combinación de datos procedentes de diferentes fuentes"> <label class="ot-switch" for="ot-sub-group-id-IAB2V2_9"><span class="ot-switch-nob"></span> <span class="ot-label-txt">Switch Label</span></label> </div></div><p class="ot-subgrp-desc">Se pueden generar informes basados en la combinación de conjuntos de datos (como perfiles de usuario, estadísticas, estudios de mercado, datos analíticos) respecto a tus interacciones y las de otros usuarios con el contenido publicitario (o no publicitario) para identificar las características comunes (por ejemplo, para determinar qué público objetivo es más receptivo a una campaña publicitaria o a ciertos contenidos).</p><button class="ot-link-btn ot-pgph-link ot-pgph-link-subgroup" aria-label="Ver ilustraciones" data-parent-id="IAB2V2_9">Ver ilustraciones&nbsp;</button><div class="ot-leg-btn-container" data-group-id="IAB2V2_9" data-el-id="IAB2V2_9-leg-out" is-vendor="false">
                    <button class="ot-obj-leg-btn-handler ot-active-leg-btn">
                        <svg xmlns="http://www.w3.org/2000/svg" xmlns:xlink="http://www.w3.org/1999/xlink" x="0px" y="0px" viewBox="0 0 512 512">
                            <path fill="#FFFFFF" d="M173.898 439.404l-166.4-166.4c-9.997-9.997-9.997-26.206 0-36.204l36.203-36.204c9.997-9.998 26.207-9.998 36.204 0L192 312.69 432.095 72.596c9.997-9.997 26.207-9.997 36.204 0l36.203 36.204c9.997 9.997 9.997 26.206 0 36.204l-294.4 294.401c-9.998 9.997-26.207 9.997-36.204-.001z"></path>
                        </svg>
                        <span>Objeción Aplicada</span>
                    </button>
                    <button class="ot-remove-objection-handler" data-style="color:#c8030f; display:none;" style="display: inline-block;color:#c8030f;">
                        Retirar la objeción
                    </button>
                </div></li></ul></div><div class="ot-subgrp-cntr"><ul class="ot-subgrps"><li class="ot-subgrp" data-optanongroupid="IAB2V2_10"><h5>Desarrollo y mejora de los servicios<span class="ot-pur-vdr-count"> 2 proveedores pueden usar este propósito </span></h5><div class="ot-tgl-cntr ot-subgrp-tgl"><div class="ot-tgl"><input type="checkbox" name="switch" id="ot-sub-group-id-IAB2V2_10" role="switch" data-optanongroupid="IAB2V2_10" class="cookie-subgroup-handler" aria-label="Desarrollo y mejora de los servicios"> <label class="ot-switch" for="ot-sub-group-id-IAB2V2_10"><span class="ot-switch-nob"></span> <span class="ot-label-txt">Switch Label</span></label> </div></div><p class="ot-subgrp-desc">La información sobre tu actividad en este servicio, como tu interacción con los anuncios o con el contenido, puede resultar muy útil para mejorar productos y  servicios, así como para crear otros nuevos en base a las interacciones de los usuarios, el tipo de audiencia, etc. Esta finalidad específica no incluye el desarrollo ni la mejora de los perfiles de usuario y de identificadores.</p><button class="ot-link-btn ot-pgph-link ot-pgph-link-subgroup" aria-label="Ver ilustraciones" data-parent-id="IAB2V2_10">Ver ilustraciones&nbsp;</button><div class="ot-leg-btn-container" data-group-id="IAB2V2_10" data-el-id="IAB2V2_10-leg-out" is-vendor="false">
                    <button class="ot-obj-leg-btn-handler ot-active-leg-btn">
                        <svg xmlns="http://www.w3.org/2000/svg" xmlns:xlink="http://www.w3.org/1999/xlink" x="0px" y="0px" viewBox="0 0 512 512">
                            <path fill="#FFFFFF" d="M173.898 439.404l-166.4-166.4c-9.997-9.997-9.997-26.206 0-36.204l36.203-36.204c9.997-9.998 26.207-9.998 36.204 0L192 312.69 432.095 72.596c9.997-9.997 26.207-9.997 36.204 0l36.203 36.204c9.997 9.997 9.997 26.206 0 36.204l-294.4 294.401c-9.998 9.997-26.207 9.997-36.204-.001z"></path>
                        </svg>
                        <span>Objeción Aplicada</span>
                    </button>
                    <button class="ot-remove-objection-handler" data-style="color:#c8030f; display:none;" style="display: inline-block;color:#c8030f;">
                        Retirar la objeción
                    </button>
                </div></li></ul></div><div class="ot-vlst-cntr"><button class="ot-link-btn category-vendors-list-handler" aria-label="El botón Detalles del proveedor de la IAB abre el menú Lista de proveedores" data-parent-id="V2STACK42">Lista de proveedores IAB‎</button></div></div></div><!-- Groups sections starts --><!-- Group section ends --><!-- Accordion Group section starts --><!-- Accordion Group section ends --></section></div><section id="ot-pc-lst" class="ot-hide ot-hosts-ui ot-pc-scrollbar"><div id="ot-pc-hdr"><div id="ot-lst-title"><button class="ot-link-btn back-btn-handler" aria-label="Back"><svg id="ot-back-arw" xmlns="http://www.w3.org/2000/svg" xmlns:xlink="http://www.w3.org/1999/xlink" x="0px" y="0px" viewBox="0 0 444.531 444.531" xml:space="preserve"><title>Back Button</title><g><path fill="#656565" d="M213.13,222.409L351.88,83.653c7.05-7.043,10.567-15.657,10.567-25.841c0-10.183-3.518-18.793-10.567-25.835
                    l-21.409-21.416C323.432,3.521,314.817,0,304.637,0s-18.791,3.521-25.841,10.561L92.649,196.425
                    c-7.044,7.043-10.566,15.656-10.566,25.841s3.521,18.791,10.566,25.837l186.146,185.864c7.05,7.043,15.66,10.564,25.841,10.564
                    s18.795-3.521,25.834-10.564l21.409-21.412c7.05-7.039,10.567-15.604,10.567-25.697c0-10.085-3.518-18.746-10.567-25.978
                    L213.13,222.409z"></path></g></svg></button><h3>Lista de cookies</h3></div><div class="ot-lst-subhdr"><div class="ot-search-cntr"><p role="status" class="ot-scrn-rdr"></p><input id="vendor-search-handler" type="text" name="vendor-search-handler" placeholder="Buscar..." aria-label="Búsqueda en la lista de cookies"> <svg xmlns="http://www.w3.org/2000/svg" xmlns:xlink="http://www.w3.org/1999/xlink" x="0px" y="0px" viewBox="0 -30 110 110" aria-hidden="true"><title>Search Icon</title><path fill="#2e3644" d="M55.146,51.887L41.588,37.786c3.486-4.144,5.396-9.358,5.396-14.786c0-12.682-10.318-23-23-23s-23,10.318-23,23
            s10.318,23,23,23c4.761,0,9.298-1.436,13.177-4.162l13.661,14.208c0.571,0.593,1.339,0.92,2.162,0.92
            c0.779,0,1.518-0.297,2.079-0.837C56.255,54.982,56.293,53.08,55.146,51.887z M23.984,6c9.374,0,17,7.626,17,17s-7.626,17-17,17
            s-17-7.626-17-17S14.61,6,23.984,6z"></path></svg></div><div class="ot-fltr-cntr"><button id="filter-btn-handler" aria-label="Filter" aria-haspopup="true"><svg role="presentation" aria-hidden="true" xmlns="http://www.w3.org/2000/svg" xmlns:xlink="http://www.w3.org/1999/xlink" x="0px" y="0px" viewBox="0 0 402.577 402.577" xml:space="preserve"><title>Filter Icon</title><g><path fill="#fff" d="M400.858,11.427c-3.241-7.421-8.85-11.132-16.854-11.136H18.564c-7.993,0-13.61,3.715-16.846,11.136
      c-3.234,7.801-1.903,14.467,3.999,19.985l140.757,140.753v138.755c0,4.955,1.809,9.232,5.424,12.854l73.085,73.083
      c3.429,3.614,7.71,5.428,12.851,5.428c2.282,0,4.66-0.479,7.135-1.43c7.426-3.238,11.14-8.851,11.14-16.845V172.166L396.861,31.413
      C402.765,25.895,404.093,19.231,400.858,11.427z"></path></g></svg></button></div><div id="ot-anchor"></div><section id="ot-fltr-modal"><div id="ot-fltr-cnt"><button id="clear-filters-handler">Clear</button><div class="ot-fltr-scrlcnt ot-pc-scrollbar"><div class="ot-fltr-opts"><div class="ot-fltr-opt"><div class="ot-chkbox"><input id="chkbox-id" type="checkbox" class="category-filter-handler"> <label for="chkbox-id"><span class="ot-label-txt">checkbox label</span></label> <span class="ot-label-status">label</span></div></div></div><div class="ot-fltr-btns"><button id="filter-apply-handler">Apply</button> <button id="filter-cancel-handler">Cancel</button></div></div></div></section></div></div><section id="ot-lst-cnt" class="ot-host-cnt ot-pc-scrollbar"><div id="ot-sel-blk"><div class="ot-sel-all"><div class="ot-sel-all-hdr"><span class="ot-consent-hdr">Consent</span> <span class="ot-li-hdr">Leg.Interest</span></div><div class="ot-sel-all-chkbox"><div class="ot-chkbox" id="ot-selall-hostcntr"><input id="select-all-hosts-groups-handler" type="checkbox"> <label for="select-all-hosts-groups-handler"><span class="ot-label-txt">checkbox label</span></label> <span class="ot-label-status">label</span></div><div class="ot-chkbox" id="ot-selall-vencntr"><input id="select-all-vendor-groups-handler" type="checkbox"> <label for="select-all-vendor-groups-handler"><span class="ot-label-txt">checkbox label</span></label> <span class="ot-label-status">label</span></div><div class="ot-chkbox" id="ot-selall-licntr"><input id="select-all-vendor-leg-handler" type="checkbox"> <label for="select-all-vendor-leg-handler"><span class="ot-label-txt">checkbox label</span></label> <span class="ot-label-status">label</span></div></div></div></div><div class="ot-sdk-row"><div class="ot-sdk-column"><ul id="ot-host-lst"></ul><ul id="ot-ven-lst"></ul></div></div></section></section><div class="ot-pc-footer ot-pc-scrollbar"><div class="ot-btn-container"><button class="ot-pc-refuse-all-handler">Rechazarlas todas</button> <button class="save-preference-btn-handler onetrust-close-btn-handler">Confirmar mis preferencias</button></div><!-- Footer logo --><div class="ot-pc-footer-logo"><a href="https://www.onetrust.com/products/cookie-consent/" target="_blank" rel="noopener noreferrer" aria-label="Powered by OneTrust Se abre en una nueva pestaña"><img alt="Powered by Onetrust" src="./DIA_files/powered_by_logo.svg" title="Powered by OneTrust Se abre en una nueva pestaña"></a></div></div><!-- Cookie subgroup container --><!-- Vendor list link --><!-- Cookie lost link --><!-- Toggle HTML element --><!-- Checkbox HTML --><!-- plus minus--><!-- Arrow SVG element --><!-- Accordion basic element --><span class="ot-scrn-rdr" aria-atomic="true" aria-live="polite">Su privacidad caja de diálogo cerrada</span><!-- Vendor Service container and item template --></div><iframe class="ot-text-resize" sandbox="allow-same-origin" title="onetrust-text-resize" style="position: absolute; top: -50000px; width: 100em;" aria-hidden="true" src="./DIA_files/saved_resource(2).html"></iframe></div><div id="ot-sdk-btn-floating" class="ot-floating-button" data-title="Gestionar las preferencias"><div class="ot-floating-button__front custom-persistent-icon"><button type="button" class="ot-floating-button__open" aria-label="Abrir preferencias" aria-hidden="false" style="display: block;"></button></div><div class="ot-floating-button__back custom-persistent-icon"><button type="button" class="ot-floating-button__close" aria-label="Cerrar preferencias" aria-hidden="true" style="display: none;"><!--?xml version="1.0" encoding="UTF-8"?--> <svg role="presentation" tabindex="-1" viewBox="0 0 24 24" version="1.1" xmlns="http://www.w3.org/2000/svg" aria-hidden="true"><g id="Page-1" stroke="none" stroke-width="1" fill="none" fill-rule="evenodd"><g id="Banner_02" class="ot-floating-button__svg-fill" transform="translate(-318.000000, -725.000000)" fill="#ffffff" fill-rule="nonzero"><g id="Group-2" transform="translate(305.000000, 712.000000)"><g id="icon/16px/white/close"><polygon id="Line1" points="13.3333333 14.9176256 35.0823744 36.6666667 36.6666667 35.0823744 14.9176256 13.3333333"></polygon><polygon id="Line2" transform="translate(25.000000, 25.000000) scale(-1, 1) translate(-25.000000, -25.000000) " points="13.3333333 14.9176256 35.0823744 36.6666667 36.6666667 35.0823744 14.9176256 13.3333333"></polygon></g></g></g></g></svg></button></div></div></div></body></html>